1959 2701
285 377 321 435 1.
398 373 505 430 DE
555 372 841 431 CVLTV
896 329 1574 434 moLoLATmco

679 474 787 529 ET
838 474 1181 529 MYTHIS.

711 649 750 693 s.
788 656 825 687 1.
882 641 953 687 De
987 640 1147 702 Venere,

201 703 284 845 In
303 758 550 800 orientalibus
567 766 687 801 terrae
707 761 895 812 partibus,
919 773 1007 800 cum
1025 759 1202 799 homines
1221 761 1427 804 rationem.
1455 756 1530 812 qua
1549 774 1658 813 prae*-

286 818 354 856 diti
374 826 500 863 erant,
533 820 728 864 excolere,
762 828 877 870 atque
899 819 946 858 ad
964 831 1021 858 res
1040 820 1140 857 cirea
1162 820 1196 858 se
1218 818 1355 869 politas
1374 819 1552 859 adhibere
1569 832 1658 859 coe-

202 883 355 926 perant.
392 887 512 926 aeque
538 887 581 915 ac
605 880 642 915 in
669 876 969 917 occidentalibus
994 876 1142 927 postea,
1182 877 1358 915 omnium
1383 889 1511 915 rerum
1540 878 1660 927 origi-

202 945 290 972 nem
318 936 482 983 primum
515 935 702 984 explicare
731 935 970 980 studuerunt,
1011 934 1357 984 cosmogoniasque
1386 934 1655 974 condiderunt.

200 989 366 1030 Modum
396 992 543 1040 itaque,
572 1004 652 1041 quo
681 993 869 1031 mundum
895 994 1059 1042 quisque
1083 998 1212 1030 ortum
1239 991 1417 1040 fingeret,
1448 1004 1518 1041 pro
1543 994 1658 1041 parti-

201 1048 293 1092 bus,
326 1060 418 1098 quas
447 1050 651 1099 vnicuique
678 1051 732 1089 rei
758 1061 981 1089 communes
1008 1047 1308 1087 animaduertisse
1338 1049 1404 1088 fibi
1432 1048 1527 1087 visus
1555 1048 1655 1093 effet,

200 1104 374 1147 diuersis.
409 1106 597 1144 diuersum
625 1106 750 1150 fuiss'e,
787 1108 932 1144 nemini
961 1107 1099 1144 mirum
1127 1104 1196 1143 effe
1222 1107 1352 1154 potest.
1424 1105 1505 1152 Qui
1531 1114 1656 1156 partes

200 1161 358 1211 aquosas
375 1161 512 1200 'multis
533 1164 645 1201 rebus
667 1162 781 1202 inesse
807 1163 969 1207 viderat,
1002 1174 1050 1200 ex
1071 1174 1166 1212 aqua
1190 1171 1318 1201 ortum
1340 1174 1468 1201 earum
1489 1164 1657 1213 petebat.

200 1221 268 1269 qui
288 1220 428 1267 igneas,
457 1231 504 1257 ex
522 1220 623 1269 igne.
685 1219 923 1270 Opinionem
942 1220 1065 1258 illam:
1097 1232 1145 1257 ex
1164 1231 1260 1269 aqua
1280 1222 1409 1258 omnia
1425 1220 1564 1259 ducere
1582 1222 1658 1259 ori-.

200 1276 351 1327 gincin,
380 1277 419 1314 in
448 1278 613 1319 oriente,
650 1278 689 1314 in
707 1278 809 1327 Syria
835 1277 1088 1327 potissimum‚
1126 1276 1232 1315 sensu
1261 1277 1435 1317 latiffimo
1461 1278 1656 1324 hocloco

198 1333 338 1378 sumta,
369 1332 590 1376 obtinuiffe,
621 1334 731 1378 inde,
758 1334 863 1384 quod
889 1333 989 1383 apud
1019 1333 1146 1382 plures
1173 1339 1306 1382 gentes
1330 1346 1412 1372 eam
1439 1334 1653 1373 incolentes

198 1391 352 1441 vestigia
377 1392 457 1430 eius
481 1391 834 1436 animaduertimus,
865 1397 950 1429 tuto
976 1390 1157 1439 colligere
1177 1390 1287 1437 licet3
1312 1392 1362 1445 ita
1386 1403 1422 1430 v.
1442 1403 1473 1430 c.
1493 1393 1533 1430 in
1553 1391 1653 1431 saera

198 1447 378 1499 scriptura
401 1459 536 1499 aquam
561 1449 734 1487 omnium
759 1450 918 1498 primam
942 1445 1115 1491 adsume,
1141 1455 1355 1498 terramque
1377 1460 1426 1488 ex
1447 1449 1513 1488 illa
1533 1462 1653 1488 emer-

196 1505 274 1545 fiffe
298 1506 481 1555 legimus,
508 1505 808 1556 Thaletemque,
846 1518 868 1545 e
891 1505 1031 1555 septem
1049 1505 1276 1555 sapientibus
1294 1505 1418 1550 illum,
1445 1518 1562 1557 quem
1589 1507 1654 1545 alii

198 1574 247 1602 ex
277 1561 502 1608 Phoenicia,
538 1563 601 1601 alii
629 1565 850 1614 parentibus
873 1562 1000 1601 saltem
1028 1561 1243 1601 Phoeniciis
1271 1563 1478 1602 oriundum
1507 1564 1650 1609 dicunt,

197 1631 332 1671 aquam
359 1631 430 1669 pro
460 1620 671 1663 elemento,
721 1631 770 1658 ex
798 1631 878 1668 quo
906 1619 1035 1657 omnia
1061 1624 1143 1656 orta
1170 1617 1261 1662 fint,
1300 1618 1466 1657 habuisse
1499 1619 1648 1659 scimus.

198 1676 297 1716 Cum
319 1678 446 1727 itaque
468 1685 516 1713 ex
540 1685 637 1726 aqua
654 1676 782 1714 omnia
801 1682 881 1714 orta
902 1674 1109 1719 crederent,
1138 1674 1312 1725 adeoque
1334 1677 1411 1714 vim
1432 1679 1650 1717 creatricem

197 1736 239 1774 in
262 1746 359 1785 aqua
383 1739 628 1784 quaererent,
659 1734 858 1772 notionem
882 1732 988 1771 illam
1008 1731 1232 1775 abstractam,
1261 1744 1375 1783 quam
1395 1734 1571 1773 homines
1590 1748 1652 1774 ru·

196 1792 273 1837 des,
287 1793 488 1842 praecipue
506 1790 529 1829 ii
549 1791 587 1828 in
606 1790 735 1831 calidis
754 1790 977 1841 regionibus
995 1790 1141 1835 viuunt,
1161 1789 1334 1840 adeoque
1351 1791 1540 1842 phantasia
1559 1804 1651 1843 gau·

195 1850 289 1889 dent
314 1849 460 1894 viuida,
492 1856 673 1899 tanquam
697 1861 839 1888 meram
869 1849 1067 1887 notionem
1091 1848 1154 1886 vix
1183 1849 1351 1898 cogitare
1376 1858 1415 1889 et
1437 1851 1563 1889 verbis
1584 1863 1649 1890 ex-

194 1910 357 1959 primere
382 1905 553 1958 possunt,
588 1906 654 1945 sub
678 1907 798 1946 forma
827 1906 987 1958 quadam
1015 1907 1054 1944 in
1080 1904 1203 1944 sensus
1232 1906 1391 1945 cadente
1414 1908 1647 1957 cogitabant,

194 1966 399 2016 posteaque
425 1964 639 2013 symbolum
666 1976 737 2013 pro
764 1965 921 2014 persona
947 1976 1032 2002 vere
1053 1961 1231 2001 existente
1257 1963 1455 2002 habebant.
1518 1966 1647 2004 Venus

194 2024 311 2074 igitur
341 2022 365 2061 si
394 2022 485 2060 mari
515 2030 595 2059 orta
627 2023 754 2060 omnia
784 2018 951 2072 genuiffe
977 2019 1195 2070 dicituro),
1237 2020 1334 2059 illud
1363 2031 1411 2059 ex
1437 2021 1565 2061 nostro
1589 2022 1647 2062 lo-

197 2080 341 2132 quendi
361 2079 479 2118 modo
498 2079 591 2116 nihil
611 2080 713 2118 aliud
733 2081 793 2122 est,
807 2080 891 2119 nili:
916 2080 1044 2118 omnia
1063 2090 1108 2117 ex
1127 2090 1224 2129 aqua
1242 2086 1434 2129 procreata
1457 2080 1553 2125 sunt,
1572 2082 1661 2119 vis-—

196 2150 271 2191 que
295 2137 358 2176 illa
383 2137 540 2175 creatrix
565 2136 628 2186 ipfl
651 2148 768 2185 aquae
791 2139 920 2177 inerat.
983 2137 1054 2177 Sed
1075 2147 1153 2174 non
1175 2135 1295 2175 solum
1313 2138 1379 2174 vim
1398 2136 1490 2176 illam
1509 2139 1647 2178 creatri-

195 2211 261 2236 cem
281 2196 447 2245 defignat
465 2206 607 2233 nomen
629 2193 798 2241 Veneris,
830 2196 892 2235 sed
915 2197 1028 2234 etiam
1053 2207 1134 2234 eam
1153 2196 1220 2234 vim
1242 2202 1402 2240 naturae,
1433 2208 1518 2246 quae
1533 2198 1648 2235 omnia

890 2252 924 2291 A
958 2264 977 2301 3
1516 2255 1631 2303 gegnit

238 2331 277 2370 a)
298 2327 420 2372 Orphei
440 2326 560 2371 Hymn.
582 2338 636 2360 v.2
652 2324 713 2370 sqq.
