1959 2701
850 178 1143 217 zm
1667 180 1724 233 2¹(-

256 272 437 321 didicill'e,
464 270 536 328 pro
563 282 670 328 certo
692 272 865 314 affirmari
890 274 1031 324 potest;
1058 273 1361 320 Graecis-enim,
1391 281 1595 328 antequam
1618 275 1720 318 litte·

255 344 314 372 ras
347 333 487 373 discere
516 338 720 382 cuperent.
762 332 810 374 de
840 343 971 372 earum
998 331 1156 372 vtilitate
1186 331 1398 385 persuasum
1429 331 1500 374 esse
1533 332 1715 383 debebat3

255 390 393 431 deinde
418 392 558 435 maius,
590 402 703 443 quam
731 388 837 441 quod
861 389 1090 440 plerumque
1120 391 1160 428 in
1184 391 1382 440 peregrina
1413 396 1510 431 terra
1536 390 1712 439 consum·

254 446 331 489 fiss‘e
349 446 509 499 putandi
531 446 635 493 sunt,
654 448 845 498 'tempotis
870 446 1027 496 spatium
1049 444 1096 486 ad
1117 458 1178 485 eas
1198 446 1390 488 discendas
1414 458 1512 497 opus
1533 454 1620 489 erat.

371 514 587 559 Cretenses,
617 512 796 556 Diodoro
816 515 903 555 teste
921 517 984 561 u),
1016 513 1155 560 Mans,
1184 513 1424 557 Cretenfibus
1448 515 1587 566 puellis
1609 515 1710 557 litte·

249 584 378 613 rarum
397 573 662 622 inuentionem
685 582 705 610 a
726 569 821 612 Ioue
845 572 970 611 datam
995 570 1067 614 effe
1091 572 1394 618 contendebant,
1422 571 1709 623 Phoenicesque

249 630 391 670 formas
417 636 564 672 tantum
584 629 862 671 elementorum
882 628 1100 671 immutaffe.
1161 630 1261 681 Quis
1282 643 1373 669 vero
1391 631 1460 676 est,
1495 632 1563 682 qui
1582 632 1709 685 super·

250 688 440 730 stitionem
463 688 582 741 vulgi,
605 694 676 733 tot,
707 693 979 739 tantorumque
995 686 1217 738 scriptorum
1236 694 1443 741 anteponat
1466 688 1707 728 testimonio?

292 788 295 791 .
368 754 430 797 Ne
455 755 598 800 vllum,
635 753 742 806 quod
774 753 821 795 de
847 753 1055 794 litterarum
1078 752 1308 795 Graecarum
1337 755 1486 804 origine
1512 754 1704 807 prolatum

249 813 313 858 est,
341 819 603 854 commentum
624 811 820 855 deiideres,
849 809 940 850 Olai
959 809 1175 852 Rudbeckii
1195 822 1351 861 quoque
1372 812 1609 864 opinionem.
1636 812 1706 861 qui

248 872 310 909 eas
336 882 357 908 a
383 868 505 910 Runis
530 868 765 922 populorum
788 867 1150 920 septemtrionalium
1174 867 1348 913 deducit.
1377 869 1702 911 commemorabo.

248 924 456 967 Neminem
486 933 611 966 autem
634 927 741 977 spero
763 925 866 971 fore,
915 927 1001 978 qui,
1034 933 1125 966 cum
1146 925 1239 968 haee
1262 926 1397 978 opinio
1422 925 1538 970 nullis
1562 926 1704 968 nitatur

170 1037 178 1041 „
247 984 470 1025 testimoniis
491 984 696 1028 historicis,
730 984 810 1022 eius
830 982 1097 1025 refutationem
1115 995 1136 1022 a
1158 995 1220 1023 me
1238 982 1433 1034 exspectet„

362 1050 572 1094 Probemus
591 1062 714 1093 nunc:
759 1049 887 1091 litteras
917 1050 1066 1091 Graecas
1088 1051 1239 1100 origine
1257 1049 1328 1092 eise
1348 1050 1557 1093 Phoenicius.
1620 1050 1699 1093 No·

246 1109 340 1149 mina
368 1108 559 1150 litterarum
585 1107 793 1149 Graecarum
814 1121 887 1146 cum
909 1108 1097 1149 Phoeniciis
1117 1108 1229 1149 eadem
1242 1108 1335 1162 sunt.
1400 1109 1528 1151 Forma
1544 1109 1621 1163 fere
1642 1122 1699 1149 ea.

245 1165 337 1208 dem‚
368 1164 486 1205 modo
506 1163 668 1205 Graecas
692 1164 854 1204 inuersas
874 1164 944 1204 effe
961 1165 1191 1207 memineris,
1214 1175 1304 1203 cum
1322 1162 1550 1206 Phoeniciae
1567 1177 1588 1205 a
1606 1165 1701 1208 dex-

244 1227 301 1261 tra
323 1221 370 1260 ad
397 1221 564 1265 laeuam,
610 1220 697 1265 illae
729 1229 883 1265 contra,
916 1221 1191 1261 recenti0ribus
1224 1219 1353 1260 saltem
1382 1222 1640 1272 temporibus,
1679 1233 1700 1264 a

244 1279 353 1321 laeua
368 1279 414 1319 ad
431 1278 600 1317 dextram
620 1276 837 1318 scribantur.
900 1276 1171 1330 Antiquiffimis
1187 1283 1311 1318 autem
1331 1280 1567 1329 temporibus
1589 1279 1698 1320 Grae-

242 1349 299 1375 cos
316 1348 473 1389 quoque
492 1334 747 1378 Orientalium
765 1347 872 1374 more
890 1347 910 1374 a
933 1334 1056 1373 dextra
1074 1333 1124 1372 ad
1138 1334 1267 1373 laeuam
1284 1334 1457 1385 scripfiss'e
1471 1336 1584 1378 docet
1602 1335 1698 1379 Pau..

242 1394 360 1445 sanias
380 1393 444 1443 x),
491 1391 559 1443 qui
586 1390 885 1442 Agamemnonis
921 1404 1063 1434 nomen
1090 1393 1140 1432 ita
1165 1392 1302 1432 statuae
1334 1393 1564 1445 insculptum
1590 1394 1694 1444 legit.

243 1449 400 1490 Deinde
425 1449 610 1490 scribendi
627 1461 762 1498 genus,
793 1450 899 1499 quod
916 1445 1139 1500 βεςροφηδον
1156 1449 1301 1492 dicunt,
1333 1450 1565 1492 inuenerunt
1581 1450 1697 1494 Grae·

243 1510 301 1553 ci,
331 1510 439 1549 cuius
458 1506 634 1557 exempla
659 1507 781 1545 adhuc
804 1507 969 1552 exstant,
1003 1519 1035 1545 v.
1059 1518 1091 1545 c.
1113 1505 1313 1555 inscriptio
1332 1506 1553 1561 Amyclaea,
1586 1508 1696 1558 Sigea

242 1571 282 1602 et
298 1564 500 1604 columnae
519 1563 725 1602 Nanianae.
801 1563 890 1603 Huc
906 1564 1092 1603 accedunt
1107 1569 1161 1599 tot
1183 1569 1326 1601 veterum
1342 1567 1539 1613 testimonia.
1563 1564 1694 1607 littera„

241 1634 319 1661 rum
351 1620 559 1660 Graecarum
578 1620 739 1668 originem
765 1619 982 1666 Phoenicium
1007 1620 1288 1672 demonstrantia,
1335 1626 1375 1661 vt
1397 1621 1551 1662 nullum
1573 1616 1628 1662 de*
1647 1623 1692 1668 iis

241 1678 480 1730 relinquatur
498 1677 670 1718 dubium.
747 1676 1080 1729 Herodotum—quia
1106 1677 1350 1727 scriptorum.
1386 1679 1454 1731 qui
1482 1679 1692 1722 litterarum

238 1735 414 1777 fecerunt
437 1736 692 1781 mentionem,
720 1733 993 1788 antiquiffimus
1019 1736 1090 1782 est,
1120 1747 1258 1787 agmen
1277 1735 1399 1775 ducat.
1461 1735 1497 1776 Is
1523 1735 1689 1780 Graecos

241 1800 329 1833 ante
345 1793 539 1842 Cadmum·
555 1793 696 1832 litteras
720 1794 893 1833 nondum
916 1792 1081 1834 habuiffe
1107 1793 1220 1837 dicit,
1252 1794 1451 1844 postquam
1477 1807 1566 1835 vero
1594 1793 1690 1835 Cad-

240 1863 328 1889 mus
354 1863 419 1891 eos
446 1849 649 1904 docuiffet,
696 1849 810 1890 Iones
836 1863 897 1891 eas
923 1850 1357 1903 paululumjmmutaffe
1373 1855 1429 1904 y).
1492 1852 1692 1892 Larclzerius

242 1910 434 1959 quasdam·
445 1915 592 1948 tantum
609 1920 628 1946 a
646 1906 794 1947 Cadmo
813 1909 933 1948 illatas
950 1908 1021 1950 effe
1037 1909 1177 1948 litteras
1193 1908 1283 1947 inde
1297 1908 1457 1958 colligit.
1489 1910 1594 1960 quod
1616 1909 1693 1951 He-

239 1965 399 2007 rodotus
417 1965 619 2008 articulum
635 1979 686 2004 w
705 1972 792 2006 ante
812 1976 1036 2019 γραμματα
1055 1965 1221 2007 omiserit
1236 1968 1291 2012 z).
1352 1966 1390 2006 Si
1406 1966 1693 2010 Herodotusex

539 2051 542 2053 -
934 2022 975 2063 D
1008 2037 1032 2066 ‚2
1500 2023 1692 2067 Larcherii

283 2078 321 2117 u)
347 2077 484 2109 Diodor.
497 2075 538 2110 V.
565 2086 595 2119 p.
608 2076 677 2113 236.
689 2076 726 2110 C.

283 2121 325 2162 x)
347 2119 474 2152 Pausan.
490 2119 588 2154 Eliac.
602 2119 642 2151 A.
667 2129 697 2161 p.
712 2127 771 2158 174
786 2119 843 2151 fin.
1072 2120 1113 2160 y)
1135 2118 1292 2152 Herodot.
1309 2118 1350 2153 V.
1370 2121 1417 2156 58.

282 2166 321 2205 κ)
343 2163 481 2196 Larcher
499 2163 532 2194 in
549 2167 631 2195 nott.
650 2163 689 2194 ad
704 2162 778 2204 gall.
792 2162 955 2197 Herodoti
969 2162 1044 2195 vers.
1068 2163 1108 2196 T.
1118 2162 1173 2195 IV.
1196 2172 1226 2203 p.
1238 2163 1308 2201 246.
1333 2162 1493 2194 Herodoti
1508 2161 1603 2194 verba
1617 2161 1695 2194 haec

324 2236 327 2238 .
354 2205 443 2238 sunt:
467 2205 547 2236 οῖ”δι
565 2205 699 2240 <Dammae
715 2205 806 2243 οὕτω,
827 2205 854 2237 οῖ
869 2216 924 2237 συν
939 2205 1054 2246 Καιδρῳ
1071 2215 1246 2242 απικομενοι
1268 2221 1312 2229 —-
1332 2206 1414 2235 αλλει
1431 2215 1467 2235 n
1480 2206 1596 2240 πολλοι,
1618 2216 1697 2243 oxnn-

359 2258 469 2283 σαντες
490 2258 605 2288 ταυτην
621 2258 678 2286 την
695 2258 821 2289 χιι-μην,
847 2258 997 2287 een-''ayo’‘
1010 2247 1190 2279 dictamni-m
1211 2258 1244 2283 sc
1261 2257 1316 2284 nec
1329 2246 1501 2289 Έλληνας,
1525 2258 1576 2287 καί
1594 2247 1627 2285 δη
1646 2256 1696 2288 uoq

357 2299 548 2331 γραμματα,
570 2299 607 2321 ιιι
625 2299 716 2321 eorm
733 2300 805 2331 πριν
820 2289 968 2332 Ἐλλησι,
992 2290 1031 2327 αἶς
1046 2301 1113 2328 εμοι
1131 2288 1237 2321 donent.
