1959 2701
248 243 278 290 6
829 242 1124 279 zm
1136 253 1138 255 ’

250 346 382 396 gignit,
412 348 450 382 et
466 343 572 394 saepe
588 347 748 382 naturam
768 342 875 394 ipsam
891 340 943 391 b).
1005 340 1220 381 Notionem
1238 337 1341 382 illam
1356 339 1566 382 Phoenices
1579 340 1705 393 Astur-

251 410 296 442 tes
316 402 474 444 nomine
502 402 705 446 notabant,
738 399 914 443 Graeci.»
942 399 1010 452 qui
1037 410 1118 437 eam
1142 410 1162 436 a
1189 397 1445 440 Phoenicibus
1472 400 1721 448 acceperant,‘
1758 449 1761 450 ⁷

252 460 464 511 Aphrodites
490 461 668 503 nomine,
706 458 844 511 Veneris
867 456 1041 495 Romani.
1101 454 1212 495 Illam
1241 458 1439 497 notionem
1470 456 1536 495 nifi
1566 457 1606 495 in
1632 455 1711 494 Ve-

254 530 344 557 nere
368 517 484 556 latere
505 517 609 561 scias,
641 527 767 566 neque
791 515 884 553 ritus
906 525 1030 563 neque
1054 513 1206 563 mythos
1226 515 1426 564 quosdam,
1448 515 1568 554 modo
1588 514 1710 553 omni.

253 577 326 615 bus
345 574 591 614 satisfaciente
624 574 813 624 explicare
834 572 993 623 poteris;
1054 581 1089 609 v.
1112 582 1142 610 c.
1162 572 1276 611 ritum
1296 573 1425 612 illum:
1450 572 1608 612 feminas
1627 583 1711 611 cor-

255 645 328 684 pus
355 632 501 672 Veneri
526 629 770 683 prostituiffe,
806 641 919 679 quem
945 627 1161 678 Babylone,
1194 630 1233 667 in
1260 628 1390 680 Cypro
1413 630 1468 678 c),
1512 629 1711 680 Heliopoli

257 690 420 741 Aphacis
440 688 485 739 d)
518 696 556 727 et
573 688 685 738 Bybli
705 684 743 737 e)
769 693 807 725 et
831 686 958 725 Siccae
983 684 1170 724 Veneriae
1188 686 1241 736 f)
1272 686 1506 727 Phoenicum
1530 689 1569 726 in
1589 687 1712 726 Africa

256 748 450 792 coioniae,
489 743 692 785 obtinuiffe
719 744 881 791 constat;
927 741 1115 793 illumque
1148 744 1324 793 mythum
1354 744 1401 784 de
1429 743 1590 791 Veneris
1622 756 1712 795 erga

256 804 485 848 Adonidem,
507 815 623 853 quem
640 802 848 852 symbolice
866 802 940 840 vim
958 802 1190 850 genetricem
1209 817 1238 840 εν
1253 816 1325 846 τοις
1342 813 1516 848 φυτικοις,
1545 802 1712 853 ideoque

257 860 405 901 fortasse
426 872 492 900 ver
509 858 727 911 fignificaffe
751 859 909 904 scimus,
940 870 1081 898 amore.
1142 857 1333 897 Venerem
1350 870 1370 896 a
1386 857 1642 899 'Phoenicibus
1666 860 1715 898 ad

259 918 428 958 Graecos
453 917 592 956 veniise
616 919 690 956 iam
714 918 932 967 probemus.
1023 915 1244 955 Herodotus
1262 919 1307 965 g)
1340 916 1519 957 Ascalone
1552 916 1714 957 Veneris

258 978 437 1016 omnium
457 974 690 1025 templorum
716 973 1010 1024 antiquiffimum
1040 973 1110 1012 effe
1135 974 1268 1019 tradit,
1300 973 1418 1018 iliud,
1448 975 1553 1025 quod
1577 976 1615 1013 in
1640 973 1717 1025 Cy-

258 1045 330 1082 pro
353 1033 413 1075 fit.
446 1031 597 1082 Cypriis
621 1032 705 1081 ipfis
729 1033 966 1076 dicentibus,
991 1031 1081 1069 inde
1104 1030 1260 1075 venisse,
1289 1038 1328 1069 et
1351 1031 1454 1070 aliud
1477 1034 1516 1071 in
1539 1031 1715 1083 Cytheris

257 1089 467 1128 Phoenices
486 1089 584 1138 ipsos
605 1087 829 1126 exstruxiffe.
891 1087 1087 1125 Pausanias
1106 1087 1160 1134 11),
1188 1089 1256 1137 qui
1274 1087 1436 1137 Assyrios
1458 1090 1623 1139 primum
1638 1088 1717 1127 Ve-

259 1158 390 1185 nerem
416 1142 571 1185 coiuiffe
597 1145 744 1189 scribit,
776 1145 823 1183 ab
854 1145 976 1194 iisque
1001 1143 1164 1194 Paphios
1194 1150 1232 1182 et
1256 1142 1465 1183 Phoenices
1493 1145 1718 1184 Ascalonem

260 1203 492 1246 habitantes,
528 1208 566 1240 et
590 1214 611 1239 a
635 1200 889 1240 Phoenicibus
915 1200 1174 1251 Cytherorum
1205 1201 1349 1239 incolas
1376 1204 1456 1242 eius
1485 1204 1645 1251 cultum,
1661 1203 1719 1241 di-

262 1259 389 1300 diciffe
408 1259 533 1304 refert,
561 1270 656 1303 eam,
677 1270 790 1309 quam
809 1257 1044 1304 Herodotus,
1071 1270 1151 1297 non
1171 1267 1335 1297 meretur
1352 1258 1478 1304 fidem,
1504 1268 1597 1305 tum,
1612 1259 1721 1311 quod

261 1317 464 1357 Herodoto
479 1317 670 1353 recentior
688 1316 749 1356 est,
772 1322 852 1351 tum
872 1316 976 1362 quod
995 1317 1034 1351 in
1056 1317 1174 1357 terris,
1205 1315 1252 1352 de
1272 1316 1411 1364 quibus
1429 1317 1614 1367 loquitur,
1642 1316 1721 1367 ipse

262 1386 342 1412 non
364 1372 505 1416 adfuit,
534 1378 575 1408 vt
592 1369 834 1415 Herodotus,
863 1370 1036 1420 adeoque
1060 1383 1140 1409 rem
1161 1370 1263 1409 haud
1288 1382 1409 1422 aeque
1434 1385 1477 1412 ac
1499 1373 1564 1412 ilie
1586 1375 1722 1424 cogni-

262 1438 339 1470 tam
361 1430 501 1467 habere
523 1429 663 1478 potuit.
742 1426 905 1465 Fortaffe
932 1428 1054 1477 ipsum
1079 1427 1324 1467 Herodotum
1348 1429 1495 1469 secutus
1522 1432 1592 1476 est,
1631 1444 1721 1470 cum

242 1489 244 1492 '
265 1500 358 1527 vero
383 1499 462 1525 non
486 1485 616 1524 omnia
640 1483 736 1523 reste
754 1485 938 1523 memoria
961 1491 1125 1528 teneret,
1156 1497 1281 1535 neque
1302 1484 1542 1526 Herodotum
1564 1489 1723 1528 euolue-

266 1552 342 1587 ret.
371 1542 570 1595 paululum
589 1542 787 1580 aberrauit.
847 1541 988 1591 Neque
1009 1542 1126 1585 illud,
1156 1543 1263 1592 quod
1287 1542 1507 1584 Herodotus
1532 1545 1603 1583 illo
1631 1546 1721 1584 loco

265 1601 430 1651 Assyrios
454 1611 534 1636 non
557 1599 790 1641 nominauit,
818 1598 1055 1636 coniecturae
1077 1599 1216 1641 obstat,
1248 1611 1337 1638 cum
1360 1601 1450 1639 aiibi
1470 1600 1526 1649 i),
1559 1614 1624 1641 eos
1647 1601 1725 1641 Ve-

267 1669 397 1696 nerem
421 1653 575 1694 coluisse
594 1654 703 1692 dicat.
767 1652 904 1692 Cultus
922 1655 1050 1704 itaque
1070 1653 1251 1699 Veneris,
1279 1667 1367 1694 cum
1387 1668 1435 1695 ex
1452 1657 1655 1698 Phoenicia
1682 1660 1724 1698 in

268 1714 405 1752 insulas
421 1711 595 1761 Cyprum
612 1717 649 1747 et
665 1709 829 1759 Cythera
861 1712 1018 1755 venerit,
1045 1722 1212 1760 cumque
1230 1712 1269 1748 in
1289 1711 1448 1751 Graecia
1466 1726 1624 1764 quoque
1641 1727 1725 1753 cos-

269 1770 515 1821 mogonicam
537 1767 641 1806 iilam
662 1761 821 1807 Veneris
840 1767 1041 1806 notionem
1058 1767 1407 1818 deprehendamus,
1440 1770 1501 1808 vel
1528 1782 1577 1809 ex
1603 1770 1726 1810 Phoe·

271 1830 368 1868 nicia
387 1827 475 1878 ipsa,
507 1825 569 1864 vel
590 1837 637 1863 ex
655 1824 783 1864 insulis
803 1827 842 1863 in
861 1824 1060 1864 Graeciam
1081 1824 1252 1876 migrasse
1271 1828 1460 1876 putandus
1478 1829 1539 1867 est.
1601 1828 1726 1868 Facile

273 1897 443 1935 quoque,
476 1895 566 1922 cum
589 1881 797 1921 Phoenices
821 1890 858 1921 et
876 1889 1108 1921 mercaturae
1129 1890 1166 1921 et
1183 1884 1436 1933 praedationis
1456 1884 1575 1924 cauffa
1594 1886 1728 1936 saepis-

272 1943 361 1982 iime
386 1941 433 1982 ad
458 1939 657 1980 Graeciam
680 1940 932 1992 appulerunt,
970 1940 1097 1978 cultus
1123 1940 1188 1978 iile
1218 1942 1318 1979 inter
1340 1941 1509 1981 Graecos
1535 1943 1728 1993 diuulgati

1586 2001 1724 2051 potuit.

319 2095 355 2136 h)
379 2093 426 2129 Cf.
443 2089 587 2127 *Lai-cher
602 2094 762 2126 Memoire
778 2093 828 2126 sur
841 2093 954 2128 Venus
969 2093 1029 2136 p.6
1047 2098 1080 2126 et
1094 2104 1124 2135 p.
1136 2093 1197 2132 306
1214 2093 1276 2135 sqq.
1327 2095 1490 2128 Hermann
1507 2095 1681 2128 Handhuclz
1695 2096 1727 2128 d.

392 2133 594 2211 Myt8h60logie'
603 2147 662 2168 aus
674 2137 794 2170 Homer
806 2148 836 2170 u.
852 2136 977 2180 Hestod.
999 2148 1030 2180 p.
1046 2148 1059 2168 2
1066 2140 1116 2176 58.
1169 2137 1279 2171 Eiusd.
1302 2137 1502 2182 Mythologie
1522 2138 1579 2172 der
1590 2138 1732 2182 Lyriqu

393 2191 423 2220 p.
438 2190 452 2217 3
502 2203 509 2211 .
532 2186 686 2218 not.714.

320 2226 353 2263 c)
376 2222 534 2256 Herodot.
560 2223 613 2254 1.1.
637 2231 746 2262 c.19o.

321 2265 360 2304 d)
383 2265 536 2298 Eusebius
552 2266 590 2296 dc
605 2265 680 2299 Vita
700 2265 909 2304 Constantini,
930 2265 1013 2299 LIII.
1036 2276 1064 2297 c.
1080 2269 1128 2304 58.

320 2310 353 2348 e)
376 2308 536 2340 Lucianus
553 2308 591 2339 dc
607 2309 676 2341 Dea
692 2308 785 2350 Syria
806 2309 840 2349 §-
852 2309 880 2341 6.
1045 2308 1091 2351 f)
1113 2308 1260 2343 Valerius
1274 2309 1360 2342 Max.
1377 2309 1417 2348 11,
1428 2308 1458 2341 6.
1480 2350 1483 2352 Α

318 2352 363 2391 g)
386 2350 507 2383 Herod.
525 2351 551 2387 I,
565 2360 634 2389 ¹05·
752 2351 788 2384 h)
811 2351 937 2385 Pausan.
951 2352 1042 2384 Attic.
1057 2363 1088 2395 p.
1101 2362 1149 2391 ¹4-
1167 2352 1217 2384 ed.
1233 2351 1322 2393 Sylb.
1438 2352 1468 2392 i)
1488 2349 1645 2390 Herod-I,
1659 2361 1693 2389 13
1703 2361 1729 2383 1.
