1959 2701
206 290 344 345 potuit.
405 289 507 331 Huic
526 285 689 333 accedit,
718 287 822 338 quod
846 287 1082 326 Phoenicum
1107 286 1175 326 sub
1197 286 1351 328 Cadmo.
1365 290 1517 331 colonia
1536 289 1662 331 Boeo·

206 351 297 389 tiam
319 348 472 392 insedit,
499 340 671 395 adeoque
698 345 861 384 multum
886 346 934 383 ad
958 344 1235 394 diuulgandum
1261 347 1371 385 illum
1394 350 1540 387 cultum
1564 362 1660 388 con-

204 406 303 445 ferre
321 405 457 456 potuit.
520 401 689 452 Eamque
708 403 854 441 cultum
876 400 1038 439 Veneris
1055 401 1262 451 diuulgaffe
1280 403 1369 442 inde
1386 405 1584 444 verilimile
1602 406 1654 452 fit,

204 464 312 515 quod
330 461 493 501 Cadmus
510 457 756 499 Harmoniam
773 458 933 498 Veneris
955 458 1070 497 filiam
1092 470 1249 498 vxorem
1268 460 1412 500 duxisse
1429 463 1579 508 dicitur,
1600 465 1658 502 in-

204 532 281 572 que
298 519 454 558 Boeotia
473 518 610 556 statuae
626 517 785 556 Veneris
800 517 949 567 ligneae
971 522 1047 554 tam
1066 517 1228 555 vetustae
1250 517 1425 564 fuerunt,
1458 528 1499 557 vt
1522 520 1569 558 de
1593 533 1655 560 ro-

203 579 283 617 stris
302 574 436 614 Cadmi
457 576 611 614 nauium
631 574 829 614 fabricatae
852 582 891 613 et
910 575 957 613 ab
978 572 1188 613 Harmonia
1209 574 1349 625 politae
1365 576 1582 616 dicerentur
1601 576 1655 629 k).

201 634 386 675 Diximus
404 633 544 678 modo,
578 634 776 671 notionem
802 633 1109 681 cosmogonicam
1132 634 1171 670 in
1190 632 1347 672 Graecia
1368 647 1450 674 non
1476 634 1547 674 effe
1565 636 1659 674 abo-

197 691 319 736 litam,
333 689 440 742 quod
456 702 559 729 nunc
575 691 834 741 probabimus.
895 689 1104 739 Sophocles
1116 689 1308 728 Venerem
1320 707 1497 741 ευκαρπον
1513 690 1657 744 (frugi-

195 745 360 796 feram),
393 747 643 799 Empedocles
662 743 821 798 ζειδωρον
842 748 977 792 (vitam
997 747 1262 796 praebentem)
1284 748 1373 786 teste
1396 747 1599 789 Plutarcho
1616 747 1657 801 l)

197 806 448 858 appellarunt.
511 805 775 856 Aristophanes
792 810 990 854 yrvwvmv
1007 803 1346 854 (genetricem)m)
1368 818 1449 845 eam
1468 817 1591 849 vocat.
1615 814 1655 846 et

198 862 325 902 Cnoffi
342 865 382 901 in
393 864 502 902 Creta
522 862 588 901 sub
603 863 748 904 ανθειας
759 857 970 910 (florentis)
983 862 1140 906 nomine
1157 862 1356 901 colebatur
1368 862 1419 912 n).
1482 864 1528 904 In
1542 865 1654 916 hym-

198 933 253 960 no
272 921 438 972 quodam
459 919 607 971 Orphei
623 922 664 965 o)
695 931 867 970 ’γενετειριι
888 916 1108 968 (genetrix)
1131 919 1354 969 appellatur,
1382 923 1511 959 omnia
1535 934 1584 960 ex
1608 933 1652 961 ea

199 977 270 1016 effe
294 978 490 1025 dicuntur3
521 978 585 1016 illa
610 975 799 1015 mundum
828 977 1021 1014 constituit
1044 983 1083 1014 et
1110 977 1323 1022 ordinauit,
1355 979 1475 1017 tribus
1501 978 1649 1018 Moeris

196 1036 368 1086 imperat,
397 1036 525 1074 omnia
547 1047 645 1085 quae
661 1036 701 1072 in
720 1033 831 1072 coelo
849 1034 946 1078 sunt,
975 1035 1015 1071 in
1033 1040 1140 1076 terra.
1172 1036 1290 1085 inque
1310 1037 1400 1073 mari
1420 1038 1558 1086 gignit,
1585 1037 1650 1075 dat

195 1094 324 1136 vitam,
340 1100 454 1142 atque
469 1100 586 1131 mater
604 1092 654 1130 est
673 1090 712 1128 N
714 1090 916 1128 eceffitatis.
977 1089 1127 1130 Dicunt
1141 1092 1258 1142 ipsam
1276 1091 1465 1132 Venerem
1482 1092 1553 1133 effe
1569 1105 1650 1133 ma-

194 1153 292 1187 trem
317 1147 469 1193 Deum,
511 1155 551 1186 vt
577 1149 729 1187 Seruius
741 1146 800 1196 p).
1418 1168 1424 1174 -

315 1233 430 1274 Venus
452 1231 554 1284 apud
584 1230 793 1270 Phoenices
814 1228 1007 1283 symbolum
1033 1226 1190 1283 duoque
1218 1239 1298 1272 erat
1318 1232 1458 1279 Lunae,
1489 1236 1649 1275 notione

191 1288 343 1335 fortasse
365 1290 467 1329 haud
493 1291 543 1327 ita
560 1288 709 1338 prorsus
734 1289 781 1325 ab
801 1289 866 1324 illa
884 1289 1131 1332 abhorrente,
1166 1301 1254 1328 cum
1273 1302 1406 1328 omnes
1423 1293 1502 1329 fere
1522 1304 1648 1342 popu-

191 1348 264 1393 los,
282 1353 319 1385 et
337 1347 504 1385 nostrum
522 1354 679 1396 quoque
694 1342 845 1393 vulguS,
872 1344 986 1382 lunae
1002 1344 1102 1382 haud
1120 1345 1170 1383 ita
1188 1354 1341 1395 paruam
1361 1348 1401 1385 in
1418 1349 1646 1388 animalibus

191 1404 444 1456 frugibusque
466 1401 714 1454 generandis,
745 1402 1004 1452 omnibusque
1033 1402 1071 1440 in
1096 1409 1193 1441 terra
1218 1406 1493 1444 mutationibus
1518 1407 1647 1457 profe·

191 1462 319 1501 rendis
337 1463 419 1500 vim'
440 1462 606 1500 tribuere
625 1459 827 1498 videamus.
889 1458 944 1497 lta
969 1458 1190 1498 Plutarchus
1207 1460 1270 1509 q)=
1299 1461 1429 1501 lunam
1450 1463 1497 1502 ab
1522 1464 1647 1514 Aegy-

191 1521 281 1572 ptiis
299 1519 433 1558 mundi
450 1525 607 1558 matrem
624 1517 851 1568 appellatam
868 1514 961 1562 effe,
992 1517 1119 1555 autior
1140 1517 1212 1565 est3
1242 1517 1316 1557 hoc
1334 1518 1424 1559 loco
1455 1522 1541 1571 quis
1562 1533 1644 1561 non

190 1578 408 1616 meminerit
441 1576 590 1615 Dianae
618 1574 817 1623 Ephefiae3
874 1575 959 1622 quis
987 1574 1144 1616 nesciat,
1185 1582 1363 1622 quantam
1395 1583 1538 1615 veteres
1567 1580 1645 1616 vim

188 1632 348 1676 Dianae,
376 1631 570 1674 Hecubae,
602 1630 797 1679 Ilithyiae,
829 1628 983 1666 diuerlis
1003 1629 1112 1666 vnius
1133 1628 1315 1678 symboli,
1348 1632 1461 1671 lunae
1487 1633 1641 1680 scilieet,

190 1689 417 1741 quibusdam
435 1688 564 1727 saltem
583 1685 942 1736 temporibus,apud
962 1683 1127 1723 Graecos
1143 1687 1364 1727 nominibus
1381 1690 1420 1727 in
1439 1689 1641 1730 hominum

186 1753 297 1797 partu
316 1744 571 1796 proferendo,
600 1755 734 1782 eorum
761 1743 835 1780 vita
853 1741 1034 1780 seruanda
1054 1742 1112 1779 vel
1135 1743 1327 1790 tollenda,
1360 1756 1571 1799 eorumque
1588 1748 1642 1786 fa-

186 1806 234 1843 tis
253 1802 428 1853 regendis
459 1800 687 1841 tribuerint?
748 1799 886 1839 Aufior
911 1800 1117 1839 commenti
1142 1800 1190 1839 de
1213 1800 1297 1842 Dea
1315 1803 1420 1855 Syria
1449 1808 1501 1851 r),
1533 1805 1641 1857 quod

185 1862 252 1901 sub
272 1860 430 1901 Luciani
458 1861 613 1899 nomine
635 1859 771 1904 fertur,
805 1857 993 1903 Astarten,
1024 1856 1169 1908 inquit,
1204 1872 1277 1909 ego
1294 1862 1423 1901 lunam
1442 1861 1513 1902 effe
1531 1872 1637 1914 puto.

184 1918 438 1960 Philochorus
463 1918 562 1968 apud
590 1917 831 1956 Macrobium
857 1914 895 1965 s)
920 1915 1109 1955 Venerem
1133 1923 1171 1954 et
1200 1915 1348 1957 Lunam
1382 1920 1540 1958 eandem
1567 1920 1639 1959 effe

186 1974 353 2017 affirmat.
416 1974 681 2026 Etymologiae
706 1973 733 2012 fi
764 1973 910 2024 aliquid
939 1972 1183 2012 tribuendum
1201 1973 1265 2021 fit,
1312 1988 1361 2014 ex
1382 1976 1454 2015 hac
1478 1988 1636 2028 quoque

1442 2032 1639 2075 Venerem

230 2094 266 2135 k)
287 2092 414 2130 Pausan.
433 2095 548 2128 Boeot.
568 2104 599 2136 p.
612 2100 686 2133 742.

227 2139 256 2181 1)
282 2138 434 2173 Plutarch.
450 2139 593 2170 Amator.
616 2137 731 2179 p,736.
741 2136 780 2169 E.
802 2141 920 2170 tom.2.
943 2136 992 2169 ed.
1011 2132 1174 2180 Xylandri.

228 2186 278 2220 m)
301 2181 457 2222 Aristoph.
477 2181 561 2218 Nub,
585 2191 612 2212 v.
626 2191 675 2218 5²-
848 2186 886 2223 n)
909 2180 1086 2222 Hesychius
1108 2191 1135 2212 v.
1148 2179 1268 2212 ινθεια.

228 2234 264 2265 o)
286 2222 405 2266 Orphei
425 2224 544 2265 Hymn.
564 2233 611 2261 54.
636 2234 664 2255 v.
679 2233 692 2252 z
711 2221 729 2253 s
744 2232 773 2263 q⁴
942 2225 984 2264 p)
1006 2223 1133 2255 Seruius
1148 2223 1186 2253 ad
1202 2222 1292 2264 Virg.
1301 2222 1382 2255 Aen.
1397 2221 1503 2262 X,83.

229 2270 266 2309 q>
289 2267 470 2300 Plutarchus
490 2266 529 2297 de
547 2265 625 2297 lfide
648 2271 679 2297 et
696 2266 725 2298 O
739 2275 774 2297 ir.
800 2266 925 2300 tom.11.
944 2276 982 2307 Ap.
995 2273 1036 2297 m.
1055 2266 1168 2303 368.C.

227 2313 264 2353 r)
287 2310 417 2345 Lucian.
433 2310 472 2342 de
489 2309 559 2343 Dea
572 2309 644 2352 Syr.
669 2308 702 2351 ἓ.
715 2316 746 2349 4.
918 2312 953 2351 s)
975 2308 1129 2342 Macrobii
1144 2307 1298 2343 Saturnal.
1312 2309 1368 2350 111,
1380 2311 1410 2343 8.
