1959 2701
230 154 288 202 26
814 157 1108 192 ’τὲ-ΜΞ

235 254 453 298 habendum
478 253 634 295 Graecis
659 252 798 300 indici,
829 250 1070 304 respondiffe,
1102 251 1243 295 formas
1272 247 1367 295 vero·
1389 252 1600 293 litterarum
1626 252 1694 294 sub

239 313 378 354 Proteo
396 324 486 363 rege
502 311 608 351 fuisse
625 312 899 363 frequentatas,
927 311 1170 360 easdemque,
1200 323 1293 361 quas
1310 311 1508 355 Hercules,
1540 311 1701 361 Amphi.

218 378 219 384 ¹
240 370 388 411 truonis
407 368 509 410 filius
530 369 713 410 didicerit.
775 367 826 409 At
851 376 931 408 tota
958 366 1052 408 haec
1079 369 1359 409 narratiuncula
1379 370 1430 409 est
1450 367 1637 412 fabulosa,
1663 374 1701 408 et

241 429 416 469 Simmias
436 426 589 468 vdisertis
619 427 743 466 verbis
772 426 821 466 de
850 426 984 464 litteris
1007 433 1155 464 tantum
1179 426 1354 475 loquitur
1379 427 1426 465 ad
1453 425 1704 475 Chonuphim

242 484 375 534 miilis3
401 494 530 526 vtrum
551 495 642 525 vero
659 483 746 525 illae
763 483 1026 537 apographum
1045 482 1193 523 tabulae
1215 483 1318 523 illius
1339 481 1494 531 fuerint,
1514 495 1561 524 an
1579 482 1703 523 aliun-

243 545 291 583 de
313 540 526 589 desumtae,
559 554 640 582 non
667 541 801 593 liquet.
864 541 1024 580 Herculi
1045 552 1155 585 vero,
1187 543 1256 592 qui
1275 542 1415 581 litteras
1437 543 1520 580 illas
1537 539 1701 581 didiciss'e

243 601 384 648 fertur,
419 602 505 652 quis
532 600 667 645 nescit,
709 598 829 639 multa
853 600 986 642 tribui,
1017 608 1115 650 quae
1145 600 1192 638 ab
1218 597 1300 639 aliis
1323 599 1417 639 facia
1443 596 1704 646 effevconsteu

242 670 361 711 porro
384 661 468 708 quis
488 658 740 707 Chonuphim
762 659 904 696 litteras
928 668 1059 696 reuera
1078 655 1302 696 intellexiffe
1324 657 1584 702 contenderit,
1616 667 1705 695 cum

242 726 280 755 et
306 714 470 754 studium
494 714 639 765 gloriae
664 715 718 753 sui
738 712 850 765 ipfius
869 721 907 752 et
927 716 1066 764 patriae
1085 725 1172 753 eum
1193 726 1348 753 mouere
1367 715 1562 764 potuerit,
1584 721 1625 752 vt
1643 725 1705 752 eas

243 768 467 812 intellexiffe
480 772 646 819 diceret;
677 771 844 822 denique
856 772 1064 810 litterarum
1077 772 1227 809 illarum
1242 771 1591 821 interpretationem
1601 781 1706 809 com-

243 829 456 869 mentitiam
482 825 553 868 eise
584 835 710 879 patet,
755 831 845 879 quia
874 840 962 867 cum
993 828 1195 867 Alcmenae
1221 834 1438 878 temporum
1464 826 1598 867 indole
1624 836 1706 873 non

245 888 443 931 conuenit,
462 887 522 925 sed
543 889 671 937 potius
691 884 848 936 Agefilai
865 887 1100 935 temporibus
1117 882 1360 924 accomodata
1380 886 1440 924 est.
1502 884 1583 924 Illis
1603 886 1706 923 enim

246 943 383 983 litteris
400 946 548 982 moneri
569 943 736 982 Graecos
754 945 850 982 dixit
866 955 884 981 a
901 943 987 986 deo,
1009 949 1059 980 vt
1065 944 1175 980 armis
1192 942 1320 992 politis
1337 949 1503 992 pacatam
1522 943 1708 992 quietam-

247 1012 324 1052 que
351 1000 464 1039 vitam
488 998 691 1045 ducerent,
722 1008 760 1038 et
783 1011 831 1039 ex
854 999 1114 1050 philosophiae
1141 1001 1347 1049 praeceptis
1365 1005 1636 1038 concertantes
1660 997 1707 1037 d'e

248 1060 330 1098 iure
356 1054 495 1103 Musis,
528 1058 550 1096 i.
573 1068 604 1095 e.
639 1055 787 1096 erudite
812 1057 956 1107 semper
980 1063 1018 1096 et
1044 1067 1132 1095 cum
1159 1057 1306 1095 ratione
1331 1056 1416 1095 lites
1445 1057 1707 1110 transigerent.

251 1114 380 1163 Quam
396 1125 529 1165 parum
546 1113 639 1153 haec
658 1125 745 1153 cum
763 1113 894 1153 indole
914 1121 1130 1164 temporum
1143 1114 1345 1152 Alcmenae
1360 1114 1605 1157 conueniant,
1624 1112 1710 1162 quis

252 1183 334 1211 non
359 1173 485 1219 videt3
504 1177 754 1222 quantopere
783 1181 877 1210 vero·
906 1170 1180 1210 neceffitatibus
1208 1173 1425 1220 temporum
1449 1169 1608 1220 Agesilai
1630 1169 1710 1234 suc-

254 1234 427 1274 currant,
459 1234 572 1278 patet.

371 1296 447 1338 Alii
476 1296 618 1337 litteras
649 1304 736 1337 ante
758 1295 947 1337 Cadmum
977 1297 1015 1336 in
1050 1294 1207 1337 Graecia
1232 1294 1358 1343 fuisse,
1387 1308 1594 1348 earumque
1622 1307 1711 1337 cum

255 1354 471 1397 Phoeniciis
494 1354 778 1395 limilitudinem
804 1355 895 1394 inde
921 1356 1082 1409 probare
1107 1357 1233 1395 conati
1258 1356 1363 1401 sunt,
1399 1356 1506 1406 quod
1531 1355 1711 1406 Pelasgos

255 1412 466 1454 Phoenices
491 1409 597 1452 fuiffe
623 1413 929 1460 contendebant3
965 1413 1194 1452 vocabulum
1220 1414 1321 1451 enim
1345 1412 1591 1463 Pelasgorum
1616 1413 1713 1451 deri‘-

257 1471 425 1511 vandum
451 1470 606 1511 censent
630 1481 650 1508 a
674 1466 837 1520 Phaleg,
885 1469 992 1519 quod
1023 1471 1061 1507 in
1092 1469 1224 1519 lingua
1255 1468 1457 1509 Phoenicia
1488 1470 1713 1509 diuisionem

258 1526 460 1578 figniflcet3
489 1526 735 1576 fignificatnm
759 1537 917 1575 quoque
939 1526 1084 1575 optime
1107 1538 1195 1564 cum
1215 1537 1254 1564 re
1277 1528 1505 1571 conuenire,
1538 1538 1625 1564 cum
1647 1525 1715 1564 Pe-

258 1584 353 1635 lasgi
371 1595 440 1635 per
457 1589 575 1622 totam
593 1583 669 1621 fere
681 1581 878 1621 Graeciam
895 1581 1044 1632 disperii
1063 1582 1205 1620 fuerint
1218 1579 1266 1631 s).
1330 1582 1416 1621 Hoc
1433 1580 1714 1632 argumentum,

258 1653 347 1683 cum
373 1639 451 1681 sola
476 1638 711 1692 etymologia
738 1639 900 1685 nitatur,
933 1638 1044 1678 nihili
1069 1638 1284 1682 faciendum
1307 1640 1367 1678 est.
1430 1639 1570 1690 Neque
1591 1639 1715 1679 Bube-

258 1702 338 1746 rio,
370 1699 439 1751 qui
461 1707 510 1737 ex
538 1695 726 1737 Herodoti
750 1695 860 1742 loco,
897 1696 962 1735 vbi
987 1693 1215 1742 Phoenices,
1255 1694 1321 1740 lo.
1359 1694 1489 1738 Inachi
1517 1697 1652 1744 filiam,
1677 1704 1715 1736 et

259 1768 308 1799 ex
331 1757 428 1803 alio,
460 1756 525 1796 vbi
541 1755 675 1795 Graeci
697 1752 889 1806 Europam
911 1767 931 1793 e
947 1751 1150 1794 Phoenicia
1178 1752 1333 1805 rapuisse
1357 1752 1537 1795 dicuntur
1552 1754 1608 1806 t),
1636 1754 1715 1796 ma*-

256 1826 382 1866 gnum
402 1813 473 1852 illo
495 1821 667 1863 tempore
683 1810 943 1851 Phoenicibus
966 1819 1003 1850 et
1021 1811 1174 1850 Graecis
1199 1811 1302 1851 fuiffe
1327 1809 1620 1859 commercium,
1654 1814 1717 1852 lit-

259 1881 442 1923 terasque
463 1871 558 1910 adeo
584 1866 752 1910 Graecos
778 1881 797 1909 a
824 1867 1080 1910 Phoenicibus
1105 1868 1245 1909 discere
1268 1869 1426 1921 potuisse
1451 1870 1618 1921 colligit,
1650 1872 1717 1911 ad-

260 1931 394 1970 sentire
416 1925 581 1980 poffum,
613 1926 703 1967 inde
724 1929 840 1973 enim,
870 1927 976 1979 quod
998 1925 1132 1967 Graeci
1152 1925 1264 1967 semel
1287 1929 1324 1966 in
1343 1926 1565 1974 Phoenicia,
1595 1928 1718 1969 Phoe-

262 1988 443 2038 nicesque
467 1988 506 2025 in
525 1985 682 2025 Graecia
706 1984 811 2025 fuiffe
836 1985 1033 2031 dicuntur,
1063 1985 1205 2036 saepius
1231 1998 1296 2025 eos
1323 1987 1361 2024 in
1387 1986 1591 2038 illis>terris
1612 1984 1718 2026 fuisse

263 2056 343 2086 non
368 2045 556 2096 sequitur,
597 2054 743 2095 neque,
772 2043 863 2084 licet
890 2043 1032 2094 saepius
1057 2044 1096 2083 id
1123 2044 1259 2083 factum
1290 2044 1352 2090 sit,
1385 2043 1552 2084 Graecos
1577 2046 1719 2084 litteras

1552 2101 1720 2143 didicisse

317 2180 485 2226 jsaimas.
501 2178 540 2214 de
555 2179 755 2216 Hellenistica
777 2194 808 2226 p.
819 2190 892 2223 34²·
937 2178 1055 2217 Thom.
1072 2163 1236 2216 Reinesius
1250 2181 1289 2215 dc
1305 2181 1416 2226 lingua
1432 2182 1550 2217 Punica
1573 2192 1600 2217 c.
1615 2192 1663 2216 n.
1684 2191 1716 2214 n.

382 2225 631 2263 1;.Buherius
650 2226 774 2269 aliique.

304 2269 335 2311 t)
357 2266 480 2301 Herod.
502 2267 528 2308 1.
542 2276 569 2301 x.
581 2277 608 2302 2.
