1959 2701
217 184 277 232 24
576 231 582 240 ἦ
798 177 1095 217 ψ

217 282 374 321 seruatas
393 278 487 318 dicit
503 274 552 328 e).
614 275 663 318 E't
681 276 863 329 mosetto,
889 279 915 319 fi
932 278 1077 319 litterae
1094 281 1182 320 ante
1195 280 1384 321 diluuium
1404 279 1572 327 fuerunt,
1588 292 1677 322 cum

216 345 297 377 tota
316 335 475 377 Graecia
496 347 576 375 non
594 335 637 375 fit
658 335 765 375 vndis
785 336 992 384 submersa,
1024 350 1084 377 eas
1107 338 1246 377 seruari
1264 337 1422 390 potuisse
1442 339 1572 388 negari
1595 349 1678 377 nou

216 397 351 447 potest.
413 395 527 435 Aliud
548 394 671 433 adhuc
689 394 850 445 superest
866 402 1154 446 argumentum,
1184 397 1293 447 quod
1313 398 1452 437 litteras
1473 403 1560 435 ante
1577 394 1676 435 Cad-

217 466 324 493 mum
342 454 382 491 in
394 452 552 492 Graecia
569 450 674 491 fuisse
693 453 855 503 probare
871 454 1033 500 student,
1067 452 1185 504 idque
1201 454 1291 493 inde
1310 456 1470 505 petitum
1488 454 1547 497 est.
1567 454 1675 509 quod

217 512 461 564 antiquiffimae
479 510 608 549 litterae
625 518 809 550 vocantur
820 510 1024 560 Pelasgicon.
1094 509 1296 551 Diodorus
1313 524 1361 551 ex
1373 511 1560 563 Dionysio
1578 523 1677 562 quo·

218 570 307 607 dam
324 567 605 619 mythographo
626 567 767 606 litteras
780 597 792 612 ,
836 569 926 618 quia
949 567 1098 618 Pelasgi
1117 570 1231 620 primi
1252 569 1328 608 illis
1355 582 1376 608 a
1392 568 1538 608 Cadmo
1562 567 1674 608 illatis

219 625 335 666 effent
361 625 429 670 vsi,
457 623 665 672 Pelasgicas
689 625 902 664 nominatas
926 625 1039 665 refert
1055 626 1117 677 f).
1179 624 1364 665 Buherius
1388 627 1469 677 post
1488 626 1674 665 Cadmum

218 682 315 721 illud
340 684 422 731 geri
449 679 607 731 potuill'e
633 688 765 732 negat,
798 684 887 733 quia
913 682 1060 734 Pelasgi
1087 689 1168 723 tum
1193 684 1268 722 iam
1294 682 1429 730 essent;
1464 685 1550 734 quis
1572 684 1675 722 enim

218 741 376 779 nomine
405 738 491 778 vidi
516 738 653 789 populi
682 739 824 779 litteras
851 741 1103 791 appellauerit
1116 738 1191 791 g)?
1251 739 1459 791 Equidem,
1487 740 1513 779 si
1535 752 1556 779 a
1578 741 1675 779 visto
1725 773 1727 775 .

218 798 369 850 populo
394 797 561 849 primum
586 795 675 835 illae
701 797 847 838 litterae
876 797 948 838 sint
978 798 1194 849 vsurpatae,
1232 804 1271 836 et
1296 797 1344 837 ab
1369 796 1675 843 eodemfortasse

217 868 307 895 cum
328 854 411 894 aliis
434 855 761 901 communicatae,
799 868 867 895 cur
890 856 1025 907 populi
1043 857 1145 895 illius
1160 867 1304 895 nomen
1329 867 1408 894 non
1434 854 1599 895 inditum
1632 853 1676 893 sit

218 913 365 957 litteris,
397 924 459 951 me
480 924 559 950 non
579 911 705 951 videre
720 912 851 951 fateor.
912 911 1091 963 Pelasgos
1111 924 1203 952 vero
1218 911 1353 952 Cadmi
1372 913 1608 963 temporibus
1634 913 1675 950 in

216 970 340 1010 Attica
363 969 540 1009 habitasse
564 970 729 1016 constat3
775 970 996 1010 Herodotus
1023 972 1146 1015 enim,
1178 971 1245 1020 qui
1270 968 1415 1009 Atticae
1430 982 1516 1009 ante
1535 968 1675 1009 Cecro-

216 1039 304 1080 pem
329 1024 475 1068 incolas
494 1025 672 1076 Pelasgos
698 1026 865 1066 Cranaos
884 1027 1096 1078 appellatos
1112 1027 1260 1071 scribit,
1292 1027 1418 1077 postea
1436 1028 1587 1073 mutatis
1604 1038 1676 1064 uo-

215 1085 386 1125 minibus
410 1082 654 1133 Cecropidas,
683 1083 927 1123 Athenienses
947 1091 985 1123 et
1006 1083 1134 1130 lones,
1152 1096 1218 1123 eos
1234 1084 1329 1123 dicit
1346 1083 1403 1134 Ιι).
1465 1083 1553 1124 Huc
1569 1095 1676 1124 acce-

216 1142 284 1188 dit,
296 1141 405 1196 quod
421 1141 631 1193 antiquitus
647 1139 892 1181 Athenienses
908 1141 954 1182 ad
972 1140 1206 1193 Pelasgicum
1223 1153 1345 1192 genus
1361 1140 1621 1185 referebantur
1631 1140 1673 1189 i).

218 1199 321 1250 Cum
340 1202 469 1249 itaque
488 1197 666 1247 Pelasgos
685 1199 752 1237 sub
776 1198 911 1238 Cadmi
929 1200 1137 1238 aduentum
1155 1199 1316 1238 Atticam
1339 1197 1579 1244 inhabitasse,
1611 1198 1676 1238 ad·

218 1269 344 1307 eoque
362 1255 638 1299 Phoenicibus.
677 1256 744 1306 qui
763 1255 959 1295 Boeotiam
982 1254 1213 1300 insedissent,
1243 1255 1426 1294 finitimos
1451 1255 1557 1295 fuisse
1581 1267 1676 1295 con-

215 1314 304 1358 stet,
338 1311 535 1352 verisimile
554 1312 627 1356 est,
658 1324 724 1352 eos
745 1324 903 1364 quoque
918 1314 1057 1364 primas
1075 1313 1218 1352 litteras
1242 1313 1289 1351 ab
1311 1312 1467 1353 aduenis
1484 1313 1559 1353 illis
1577 1313 1674 1353 didi-

217 1370 321 1414 cisse.
353 1378 490 1421 atque,
522 1381 610 1408 cum
637 1372 759 1410 maius
785 1371 831 1409 iis
854 1370 1003 1414 saltem,
1028 1380 1145 1422 quam
1167 1369 1443 1416 Phoenicibus,
1470 1383 1561 1417 cum
1586 1370 1675 1409 reli·

216 1431 303 1479 quis
324 1428 503 1468 Graeciae
527 1428 664 1466 incolis
687 1426 775 1467 effet
800 1429 1094 1472 commercium.
1125 1428 1267 1466 litteras
1289 1439 1378 1467 cum
1395 1429 1441 1467 iis
1458 1428 1676 1468 communi-

218 1485 324 1525 casse.
386 1484 494 1531 Quid
511 1485 627 1533 igitur
646 1487 804 1535 propius
828 1484 875 1523 ad
896 1486 1088 1523 veritatem
1106 1485 1272 1528 accedit,
1304 1496 1418 1534 quam
1435 1486 1544 1529 illud.
1574 1486 1676 1524 litte-

216 1554 275 1582 ras
299 1554 319 1581 a
337 1540 502 1590 Pelasgis
528 1549 698 1590 acceptas
726 1542 773 1579 ab
795 1541 877 1580 aliis
901 1541 1106 1591 appellatas
1127 1539 1198 1579 effe
1222 1539 1455 1590 Pelasgicas?
1490 1555 1493 1559 ’
1515 1541 1562 1580 Et
1586 1553 1675 1580 cum

216 1600 275 1638 his
303 1609 462 1651 quoque
481 1598 668 1637 conuenit
693 1596 917 1638 Herodotus
937 1599 988 1643 k).
1051 1596 1153 1636 Illud
1180 1608 1289 1640 vero,
1321 1597 1428 1648 quod
1451 1596 1673 1637 Herodotus

216 1656 353 1702 Iones,
387 1667 468 1694 non
491 1654 692 1704 Pelasgos,
738 1655 905 1707 primum
935 1654 1078 1693 litteras
1103 1652 1268 1693 didicisse
1292 1654 1363 1699 ait,
1398 1656 1566 1700 nemini,
1605 1656 1674 1705 qui

216 1714 395 1764 Pelasgos
416 1713 562 1752 Atticos
585 1720 739 1753 centum
762 1712 840 1751 fere
858 1712 941 1762 post
960 1710 1150 1751 Cadmum
1167 1710 1275 1750 annis
1295 1712 1342 1751 ab
1360 1711 1455 1752 Ione
1471 1712 1586 1752 Iones
1602 1711 1674 1751 esse

217 1777 373 1810 vocatos
395 1770 552 1820 legerit,
583 1770 721 1810 mirum
737 1768 809 1809 effe
828 1770 950 1820 potest
969 1768 1013 1815 l).
1075 1768 1304 1819 Hesychius,
1332 1771 1399 1820 qui
1422 1770 1563 1809 litteras
1580 1769 1675 1808 Atti-

217 1840 281 1868 cas
301 1828 416 1872 idem,
446 1827 553 1878 quod
578 1828 774 1879 antiquas,
807 1824 1016 1877 fignificare
1039 1826 1171 1872 tradit,
1200 1827 1425 1878 opinionem
1448 1827 1555 1867 illam
1581 1839 1673 1867 con-

215 1885 365 1927 firmare
396 1885 546 1923 videtur
575 1882 642 1935 m).

334 1956 383 1996 At
401 1956 497 2001 sunt.
530 1957 599 2007 qui
617 1956 759 1995 litteras
780 1967 831 1994 ex
846 1953 1022 2006 Aegypto
1048 1955 1182 2005 petitas
1201 1955 1339 1995 dicant.
1399 1955 1675 2006 Inuestigemus

217 2015 360 2068 itaque,
390 2025 440 2054 an
457 2014 635 2066 Aegypto
651 2014 795 2053 litteras
821 2024 909 2052 vere
932 2012 1067 2052 debeat
1084 2011 1253 2053 Graecia.
1313 2011 1512 2053 Diodorus
1529 2013 1617 2052 Sain
1632 2014 1674 2049 in

1497 2070 1674 2123 Aegypto

261 2127 295 2167 e)
317 2124 457 2159 Eustath.
472 2125 512 2156 ad
531 2125 612 2158 11.B.
636 2127 749 2166 p.3·38.

253 2168 298 2210 f)
321 2168 458 2201 Diodor.
474 2168 529 2204 111,
542 2177 611 2206 ¹40·
842 2167 887 2208 g)
908 2165 1021 2199 Buher.
1044 2176 1074 2208 p.
1091 2176 1161 2207 559.

260 2210 299 2251 h)
321 2211 479 2243 Herodot.
494 2209 581 2248 VIII,
591 2219 642 2249 44.
815 2209 846 2250 i)
870 2209 957 2241 Idem
975 2209 1001 2245 Ι,
1011 2219 1060 2248 57.
1233 2206 1269 2249 k)
1287 2207 1335 2241 Id.
1354 2207 1396 2246 V,
1408 2211 1457 2246 58.

258 2254 287 2295 1)
308 2254 397 2286 Idem
414 2252 501 2290 VIII,
510 2263 562 2292 44.
606 2251 721 2286 Strabo
736 2249 825 2285 VIII.
846 2262 878 2293 p.
889 2254 958 2290 588.
968 2252 1010 2285 D.
1053 2250 1179 2285 Pausan.
1192 2250 1233 2289 Π,
1246 2259 1294 2290 14.

253 2299 303 2338 m)
326 2295 505 2339 Hesychius
525 2307 554 2328 v.
579 2296 698 2328 Arrana
714 2304 896 2336 γραμματα.
