1959 2701
799 189 1092 227 „emm-4·
1615 196 1670 244 23

223 288 328 333 'vium
344 284 650 334 Deucalioneum
670 283 850 329 maximas
868 288 1041 329 ciuitates
1060 286 1131 327 effe
1152 289 1334 333 conditas,
1360 295 1398 329 et
1417 289 1536 329 multa
1552 302 1671 341 regna

221 350 410 390 fundata.”
467 348 654 400 Equidem
678 359 875 400 nunquam
899 345 1145 393 crediderim,
1167 345 1272 401 fore,
1305 348 1372 397 qui
1389 347 1556 387 Graecos
1580 356 1667 388 ante

224 406 410 448 Cadmum
431 407 534 456 figna
552 405 745 456 quaedam,
773 406 913 456 quibus
930 403 1077 453 aliquid
1093 403 1299 454 fignificare
1316 403 1474 454 poss'ent,
1503 406 1668 445 habuisse

221 473 356 519 neget,
380 463 477 503 ¹cum
504 462 635 502 talium
660 462 873 513 fignorum,
904 461 1031 512 qualia
1055 459 1268 500 Americani
1292 461 1503 507 habebant,
1534 464 1670 503 inuen-

221 524 347 568 tione.
369 521 460 571 ¹post
476 520 623 559 colores
642 521 838 565 inuentos,
863 518 958 558 nihil
973 518 1143 570 potuerit
1159 517 1230 557 effe
1247 518 1416 567 facilius;
1445 519 1547 570 figna
1566 522 1668 561 enim

221 581 288 619 illa
309 578 405 618 nihii
424 577 526 617 aliud
544 584 668 621 erant,
698 589 812 627 quam
828 588 953 617 retum
974 588 1067 627 quas
1086 577 1253 615 indicare
1272 576 1471 621 volebant,
1505 577 1668 628 piCtume

221 636 517 688 qualescunque.
579 633 715 674 Graeci
738 633 885 674 fortasse
909 640 996 673 ante
1022 631 1210 672 Cadmum
1234 635 1309 673 iam
1337 634 1494 684 longius
1518 636 1561 674 in
1584 635 1672 676 scri-

220 693 338 734 bendi
364 700 441 733 arte
467 698 573 733 erant
597 690 1061 744 proma-picturasque
1085 691 1169 731 illas
1193 704 1273 732 non
1301 693 1341 731 in
1366 692 1469 732 sensu
1495 694 1668 745 proprio,

221 751 284 791 sed
302 751 510 802 symbolice
526 751 769 799 accipiebant.
830 750 879 788 At
897 750 944 788 de
960 750 1034 787 istis
1053 761 1159 787 nunc
1182 762 1261 788 non
1283 752 1427 799 agitur,
1454 751 1517 789 sed
1541 753 1588 789 de
1605 752 1669 790 lit·

222 809 331 854 teris,
361 820 457 860 quae
489 814 672 859 quantum
701 807 748 846 ab
773 806 850 846 illis
877 802 1071 851 differant,
1103 806 1189 857 quis
1214 806 1353 846 nescit?
1419 805 1528 847 Licet
1550 810 1669 860 igitur

222 864 405 911 Buherio,
433 864 553 904 afferti
574 865 676 904 illius
701 864 856 910 austeri,
886 864 1047 903 alterum
1068 863 1166 903 istud
1189 860 1461 911 concedamus,
1492 868 1668 917 quamuis

222 930 509 974 argumentum,
539 934 618 973 quo
644 923 778 968 vtitur,
812 934 891 961 non
916 921 999 961 satis
1024 920 1067 960 fit
1093 917 1265 968 firmum,
1294 924 1518 974 neutiquam
1541 930 1670 963 tamen

222 982 299 1019 hoc
330 981 491 1019 alterum
520 980 728 1019 concedere
755 975 965 1030 pdffumus:
1003 978 1171 1018 Graecos
1201 987 1294 1018 tunc
1321 982 1501 1031 temporis
1527 981 1669 1020 litteras

221 1039 295 1076 iam
310 1036 486 1076 habuiffe.
548 1036 687 1086 Neque
710 1036 786 1075 alio
809 1041 1035 1086 argumento
1054 1036 1101 1074 ab
1120 1036 1190 1074 illo
1210 1036 1360 1087 prolato
1383 1037 1469 1089 plus
1493 1037 1669 1079 effeetum

222 1095 287 1140 est,
319 1107 404 1134 cum
423 1094 564 1133 litteras
582 1092 857 1133 iamPhoronei
872 1093 1109 1144 temporibus
1126 1093 1231 1133 fuiffe
1243 1093 1397 1133 Graecis
1413 1094 1545 1140 afferit,
1578 1097 1670 1146 quia

221 1152 289 1190 ille
307 1151 457 1199 Argiuis
483 1151 586 1200 leges
609 1149 731 1188 tuliffe
749 1150 913 1198 dicatur;
950 1151 1036 1200 quis
1057 1151 1160 1188 enim
1177 1151 1285 1195 inde,
1312 1152 1418 1202 quod
1444 1151 1674 1191 Phoroneus.

221 1208 326 1260 leges
343 1205 464 1249 tuliffe
477 1207 631 1252 dicatur,
649 1209 810 1248 omnino
827 1207 930 1258 leges
948 1207 1030 1246 illas
1049 1206 1199 1258 scriptas
1218 1208 1289 1247 effe
1307 1209 1488 1259 colligat?
1547 1209 1672 1260 Leges

222 1267 310 1305 illae
332 1267 420 1303 ferri
446 1271 641 1315 poterant,
671 1265 761 1302 licet
783 1277 863 1301 non
888 1263 1004 1301 effent
1025 1264 1200 1312 scriptae5
1232 1265 1311 1302 fieri
1333 1276 1489 1314 quoque
1509 1274 1669 1316 poterat,

222 1329 264 1364 vt
281 1323 463 1364 memoria
486 1320 647 1363 seruatae
664 1320 818 1373 posteris
843 1320 1078 1374 temporibus
1097 1319 1230 1361 litteris
1247 1321 1526 1364 mandarentur.
1574 1323 1670 1365 Ter.

222 1381 317 1420 tium
337 1388 614 1429 argumentum,
646 1391 725 1427 quo
745 1386 914 1421 vtuntur‚
940 1380 1008 1427 qui
1025 1379 1165 1416 litteras
1184 1388 1272 1415 ante
1293 1379 1480 1417 Cadmum
1497 1382 1537 1418 in
1552 1381 1671 1419 Grae-

223 1438 279 1479 cia
294 1434 400 1479 fuiffe
418 1435 677 1483 contendunt,
709 1434 779 1476 illo
802 1434 903 1476 haud
930 1433 1092 1481 firmius,
1124 1434 1259 1477 iisdem
1279 1448 1437 1491 quoque
1458 1440 1671 1482 rationibus

223 1497 474 1537 refellendum
488 1525 499 1540 ‚
522 1508 569 1534 ex
588 1495 733 1533 Tzetza
753 1495 916 1533 sumtum
937 1496 1006 1538 est,
1036 1496 1104 1543 qui
1126 1496 1325 1533 oraculum
1341 1495 1488 1534 Cadmo
1506 1497 1672 1549 Delphis

222 1553 413 1594 redditum
439 1551 515 1592 fine
538 1550 832 1594 litterisseruari
863 1548 1023 1604 potuiise
1051 1558 1165 1603 negat
1184 1549 1241 1602 z).
1318 1552 1424 1594 Num
1451 1555 1594 1595 oblitus
1620 1556 1672 1596 est

224 1610 388 1654 Tzetza.
418 1609 603 1647 Cadmum
631 1611 773 1646 litteras
795 1612 868 1646 iam
894 1608 1058 1651 nouisse,
1087 1610 1260 1657 adeoque
1283 1611 1343 1647 vel
1366 1612 1507 1659 ipsum,
1536 1613 1595 1649 vel
1621 1624 1671 1651 cx
1719 1625 1721 1627 ’

224 1668 330 1708 sociis
354 1677 472 1705 vnum
496 1663 683 1716 Apollinis
708 1663 925 1716 responsum
950 1663 1083 1703 litteris
1105 1665 1280 1717 excipere
1302 1666 1488 1718 potuiil'e?
1547 1668 1670 1718 Quod

223 1738 316 1766 vero
333 1725 429 1764 illud
447 1730 713 1774 argumentum
731 1722 880 1773 prorsus
897 1722 1021 1767 tollit,
1042 1723 1118 1762 hoc
1135 1724 1197 1768 est,
1224 1726 1331 1774 quod
1347 1726 1471 1764 versus
1489 1727 1547 1764 illi
1563 1727 1670 1766 oflo-

225 1783 370 1828 decim,
392 1792 489 1833 quos
516 1779 735 1832 Apollinem
765 1779 919 1820 effatum
940 1777 1011 1820 effe
1033 1779 1181 1825 dicunt.
1216 1783 1437 1823 recentioris
1462 1783 1549 1825 sunt
1573 1785 1669 1833 aeui,

225 1850 299 1883 tres
328 1842 430 1881 enim
466 1852 599 1879 eorum
631 1851 678 1878 ex
709 1838 881 1879 Homero
914 1839 1001 1879 sunt
1038 1841 1265 1890 transscripti
1289 1839 1346 1889 a).
1421 1842 1671 1883 Valkenarius

225 1899 415 1940 Mnaseam
438 1898 478 1935 in
502 1895 719 1947 Europiacis
741 1895 886 1935 oraculi
902 1905 1046 1948 patrem
1068 1896 1181 1936 habet
1198 1897 1249 1947 b).
1311 1897 1431 1937 Etiam
1459 1899 1505 1939 G.
1527 1899 1558 1941 1.
1572 1899 1671 1940 Vos-

225 1958 297 1998 fius
322 1956 370 1996 de
395 1956 474 1994 eius
497 1955 720 2006 antiquitate
748 1954 938 1995 dubitauit
953 1952 1004 2007 c).
1065 1954 1263 1995 Diodorus
1290 1956 1499 1997 litterarum
1526 1971 1673 1999 memo-

225 2018 320 2056 riam
342 2014 491 2053 diluuio
516 2012 678 2051 deletam
699 2010 770 2051 effe
794 2012 908 2052 tradit
923 2011 980 2065 d).
1041 2011 1251 2052 Eustathius
1275 2026 1364 2054 vero
1385 2027 1444 2054 eas
1467 2027 1487 2055 a
1506 2014 1673 2068 Pelasgis

1512 2073 1673 2115 seruatas

268 2140 308 2184 z)
329 2138 449 2176 Tzetz.
467 2136 544 2172 nist.
559 2135 638 2173 chii.
653 2133 764 2178 V‚815
782 2144 815 2172 et
831 2141 902 2181 829.
929 2138 971 2178 X,
981 2150 1054 2181 443.
1075 2135 1148 2177 XII,
1159 2147 1210 2180 792

270 2186 307 2229 a)
331 2181 439 2218 Exstat
458 2183 621 2218 oraculum
640 2193 689 2224 ap.
704 2182 810 2216 Schol.
825 2183 937 2226 Eurip.
951 2184 1072 2218 Phoen.
1096 2195 1124 2216 v.
1135 2184 1206 2222 641.
1231 2184 1265 2214 et
1280 2193 1328 2224 ap.
1343 2178 1450 2217 Schol.
1468 2182 1672 2227 Aristophan.

341 2228 420 2261 Ran.
438 2224 528 2264 1'25&
551 2225 657 2258 versu}
674 2226 718 2257 illi
736 2225 881 2267 exscripti
897 2227 969 2260 funt
985 2238 1024 2260 ex
1039 2227 1074 2259 112
1090 2226 1176 2268 &¹645
1183 2236 1210 2264 5.
1223 2236 1237 2263 3
1249 2227 1286 2256 26
1305 2232 1338 2258 et
1355 2230 1426 2266 780.

271 2269 307 2311 b)
327 2270 507 2305 Valkenaer
522 2268 560 2300 ad
572 2268 679 2310 ΕῃήρΥ
697 2268 817 2301 Phoen.
840 2280 870 2310 p.
880 2269 953 2310 679.

270 2316 303 2355 c)
327 2313 367 2347 G.
382 2314 407 2348 Ι.
423 2310 552 2348 Voffius
568 2312 638 2347 Art.
649 2312 821 2345 Grammat.
838 2313 863 2351 I,
878 2322 925 2345 10.
1101 2311 1139 2354 d)
1161 2312 1300 2346 Diodor.
1315 2311 1357 2353 V,
1371 2320 1442 2353 227.
