1959 2701
232 175 292 232 1‘0
809 187 1104 221 ἔξωθε-ιι

235 285 379 328 nienses
407 295 485 324 non
508 279 624 323 effe‘nt
642 283 864 335 participes,
893 283 1071 333 interque
1097 294 1140 321 ea
1164 281 1289 323 Cereris
1308 279 1474 326 Aebutiae
1489 281 1693 336 (Δημητρσς

235 345 404 390 azanim)
431 341 620 393 templum
644 350 682 382 et
706 343 814 392 orgia
835 341 1125 381 constituerunt.-
1186 339 1391 392 Epitheton
1418 341 1516 381 illud
1533 339 1693 395 Etynip-

234 403 410 452 logicum
430 401 616 450 Magnum
639 402 689 452 s)
719 413 740 439 a
762 399 910 439 Cereris
926 398 1027 438 luftu
1048 399 1095 437 de
1110 396 1331 448 Proserpina
1350 398 1517 442 deriuat,
1543 396 1693 449 (ιιρηῗηᾳ

236 472 349 508 παρα
373 471 416 496 το
436 466 534 503 αχος
555 472 616 501 της
635 461 781 507 Κορης),
814 469 911 508 quae
929 463 1057 496 tamen
1078 455 1314 506 etymologia
1333 466 1465 497 contra
1483 456 1693 504 analogiam

236 514 311 555 esse
332 516 493 554 videtur.
555 514 669 554 Aliud
693 514 841 553 Cereris
867 514 1064 564 epitheton
1093 519 1173 551 erat
1205 513 1408 566 Gephyraea
1428 517 1632 566 (Γεφυραιη)
1657 519 1695 553 et

240 575 316 617 ita,
346 572 552 611 secundum
572 570 881 623 Etymologicum
907 582 1089 620 magnum
1104 567 1172 619 g),
1205 570 1300 610 dicta
1326 572 1378 611 est
1396 570 1532 618 Ceres,
1564 572 1651 622 quia
1669 581 1695 612 ,a

243 630 478 680 Gephyraeis
506 631 707 680 praecipue
731 629 938 668 colebatur.
1000 626 1059 668 Ex
1085 627 1144 667 his
1171 628 1267 669 locis
1291 628 1392 669 haud
1416 636 1558 669 temere
1580 628 1698 669 colle-
1755 625 1765 632 ”

242 687 333 738 giffe
357 687 449 725 mihi
478 686 627 731 videor,
656 685 865 725 Phoenices
889 696 1033 724 numen
1057 685 1253 736 quoddam
1275 686 1448 732 coluiss‘e,
1484 687 1589 737 quod
1607 697 1699 726 cum

243 745 380 784 Cerere
398 742 633 784 Graecorum
654 743 839 795 quaedam
859 743 1015 784 haberet
1030 744 1261 787 communia.
1292 744 1380 786 alias
1400 744 1506 783 enim
1520 755 1700 796 graecum

241 813 386 840 nomen
418 803 452 839 ei
478 813 557 838 non
586 801 675 839 ess'et
702 803 889 847 inditum3
921 802 1059 839 deinde
1085 801 1283 839 verifimile
1304 801 1395 846 esse,
1428 805 1615 846 Graecos,
1641 804 1700 840 in-

244 860 376 911 primis
393 857 657 902 Athenienses,
687 859 790 910 apud
807 870 905 910 quos
924 856 1072 897 Cereris
1090 857 1236 897 cultum
1261 859 1425 897 maxime
1448 856 1610 899 floruiffe
1634 858 1701 897 sci-

241 930 350 963 mus,
387 918 574 967 quaedam
595 929 643 955 ex
663 916 899 956 Phoenicum
924 916 1033 956 cultu
1049 924 1088 954 et
1107 917 1225 967 orgiis
1245 915 1397 966 petiisse.

740 1047 776 1090 §.
810 1056 848 1092 4.
918 1039 989 1084 De
1021 1038 1204 1084 Hercule.

360 1111 466 1153 Inter
498 1125 653 1157 omnes.
691 1114 921 1152 recentiores
950 1112 1078 1151 saltem
1114 1112 1332 1160 scriptores,
1361 1112 1489 1162 plures
1514 1113 1701 1154 Hercules

246 1170 352 1211 fuisse
368 1172 535 1219 constat;
569 1179 607 1210 et
621 1183 753 1210 omnes
773 1171 850 1210 fere
868 1170 1033 1221 populos
1052 1170 1157 1209 suum
1169 1168 1373 1208 Herculem
1393 1169 1578 1219 habuisse3
1596 1184 1702 1211 cum.

250 1240 327 1278 que
345 1237 514 1266 veterum
533 1227 769 1266 Graecorum
789 1231 1009 1266 nouerimus
1026 1228 1259 1271 facilitatem,
1280 1240 1352 1277 qua
1372 1228 1463 1266 deos
1480 1233 1701 1280 peregrinos

248 1283 286 1324 et
304 1285 430 1324 cultus
457 1287 693 1334 acciperent,
727 1296 900 1334 quaeque
922 1285 1022 1333 apud
1048 1285 1142 1321 alios
1167 1284 1242 1328 deo
1272 1284 1442 1329 cuidam,
1480 1288 1587 1325 cuius
1613 1299 1704 1327 cum

247 1353 307 1386 eo,
340 1353 456 1391 quem
477 1340 542 1391 ipsi
560 1341 740 1381 colerent.
772 1341 898 1390 aliqua
918 1340 1169 1379 intercederet
1189 1340 1415 1386 similitudo,
1445 1344 1704 1384 tribuerentur

247 1398 352 1442 facta,
380 1400 419 1436 in
437 1398 546 1436 suurn
569 1399 808 1436 conferrent:
836 1399 975 1436 mirum
995 1397 1077 1436 sane
1095 1408 1174 1436 non
1194 1396 1264 1435 esse
1280 1399 1411 1447 potest,
1443 1411 1508 1438 eos
1525 1399 1702 1442 Herculis

248 1454 467 1498 Phoenicii,
495 1467 610 1505 quem
631 1453 839 1493 Phoenices
862 1453 956 1505 Tyri
982 1453 1211 1505 potissimum
1237 1457 1331 1493 etin
1350 1455 1470 1495 insula
1487 1456 1611 1497 Thaso
1637 1470 1704 1498 co-

249 1511 357 1551 luisse
377 1522 424 1550 ex
446 1511 647 1551 Herodoto
663 1512 706 1560 h)
724 1512 858 1551 scimus
871 1541 879 1552 .
908 1513 1094 1562 cuiusque
1110 1511 1256 1550 cultum
1277 1513 1315 1550 in
1334 1514 1513 1552 omnibus
1531 1518 1648 1559 terris,
1662 1518 1703 1555 in

250 1571 392 1620 quibus
410 1568 645 1608 Phoenicum
671 1569 846 1607 coloniae
864 1568 996 1611 essent.
1029 1568 1268 1618 diuulgatum
1287 1569 1469 1614 videmus,
1499 1571 1588 1610 facia
1608 1572 1704 1611 Her-

250 1627 325 1667 culi
347 1626 554 1671 Thebano,
599 1627 776 1664 trecentis
802 1627 909 1663 annis
928 1626 1000 1664 illo
1023 1626 1185 1670 iuniori,
1221 1625 1452 1676 adscriplisse.
1521 1627 1578 1667 Ita
1605 1642 1702 1679 quae

250 1685 297 1723 de
325 1683 511 1729 Hercule,
555 1685 621 1733 qui
650 1683 871 1733 Geryonem
901 1681 1094 1724 occidisse,
1129 1684 1287 1732 eiusque
1316 1690 1484 1722 armenta
1512 1679 1705 1733 abduxisse

250 1743 390 1786 fertur,
424 1749 642 1786 narrantur,
673 1753 759 1780 cum
787 1740 997 1780 Phoenices
1017 1742 1055 1779 in
1076 1739 1232 1779 insulam
1256 1739 1449 1792 Erythiam
1481 1742 1540 1781 vel
1564 1743 1701 1792 Gades,

252 1798 443 1849 Geryonis
463 1798 599 1843 sedem,
630 1798 822 1837 coloniam
843 1796 997 1836 duxisse.
1025 1792 1311 1847 Herculemque
1328 1798 1491 1849 Tyrium
1512 1802 1550 1837 in
1571 1801 1703 1853 Hispa.

252 1858 314 1895 nia
334 1857 480 1896 cultum
499 1855 669 1900 sciamus.
695 1856 741 1895 de
763 1855 932 1896 Hercule
952 1854 1073 1906 Tyrio
1098 1854 1285 1895 intellet‘ia
1304 1856 1429 1895 velim.
1490 1856 1651 1899 Iustinus
1669 1862 1701 1908 i)

250 1920 418 1953 armenta
447 1912 636 1963 Geryonis
660 1921 786 1952 tantae
815 1914 934 1952 famae
961 1912 1066 1951 fuisse
1085 1912 1216 1957 tradit,
1265 1921 1305 1952 vt
1322 1913 1525 1954 Herculem
1550 1929 1598 1954 ex
1622 1918 1703 1957 Asia

248 1972 409 2024 praedae
439 1971 703 2022 magnitudine
723 1971 927 2011 illexerint.
999 1969 1105 2010 Idem
1132 1981 1289 2022 quoque
1315 1969 1522 2014 Gaditanos
1548 1986 1567 2013 a
1594 1974 1702 2027 Tyro

248 2030 345 2068 sacra
363 2029 538 2068 Herculis
557 2031 594 2065 in
613 2028 832 2078 Hispaniam
858 2027 1082 2066 transtulisse
1110 2029 1210 2067 dicit.
1270 2028 1431 2069 Firmius
1450 2032 1574 2072 adhuc
1591 2034 1703 2079 diser,-

249 2088 402 2138 tiusque
421 2086 584 2137 Appiani
608 2086 651 2137 k)
680 2088 730 2125 est
758 2087 1034 2126 testimonium:
1072 2085 1175 2125 “lam
1200 2098 1290 2126 vero
1309 2095 1346 2127 et
1363 2086 1539 2129 Herculis
1557 2090 1702 2135 fanum.

1595 2148 1703 2199 quod

283 2210 330 2253 f)
352 2209 496 2253 Etymol.
513 2212 623 2252 Magn.
646 2221 674 2242 v.
693 2210 824 2251 Αχαιϊη.
993 2211 1037 2251 g)
1059 2210 1134 2244 Ibid.
1160 2222 1188 2245 v.
1210 2210 1235 2244 Γ
1236 2215 1376 2256 εφυραιη.

288 2254 326 2295 h)
350 2255 508 2287 Herodot.
526 2255 564 2290 Il,
576 2265 627 2292 44.
647 2252 686 2285 cf.
703 2254 740 2285 ad
757 2254 818 2287 h.l.
835 2254 953 2297 Heyne
967 2254 1005 2286 ad
1026 2254 1175 2296 Apollod.
1199 2266 1229 2297 p.
1242 2266 1313 2294 3²5·

290 2299 318 2333 i)
340 2296 476 2330 lustinus
491 2296 511 2330 1.
522 2296 638 2332 XLIV.
661 2305 714 2335 c.3
734 2302 766 2330 et
782 2307 813 2337 4.
932 2295 967 2340 k)
988 2298 1125 2340 Appian.
1140 2299 1180 2331 de
1196 2298 1267 2332 bell.
1276 2299 1362 2343 Hisp.
1385 2308 1487 2342 p.425
1505 2299 1555 2332 ed.
1566 2300 1596 2334 T
1597 2300 1674 2334 ollii.
