1959 2701
809 187 1102 235 =Q8fflss
1633 206 1681 244 11

223 299 330 352 quod
351 298 452 351 apud
473 298 671 337 columnas
691 294 761 341 est,
791 307 813 335 a
828 292 1085 335 Phoenicibus
1104 293 1302 334 conditum
1323 296 1490 344 videtur,
1521 297 1583 337 vel
1604 298 1680 339 hoc

222 359 305 398 solo
326 362 571 408 argumento.
604 353 709 404 quod
733 353 778 393 ad
799 352 962 396 nostram
986 363 1105 402 vsque
1126 354 1351 405 memoriam
1371 353 1580 396 Phoenicio
1602 358 1679 402 ritu

223 417 316 456 deus
333 416 491 456 colatur,
517 418 555 451 et
575 410 711 460 Tyrius
729 410 925 453 Hercules,
944 421 1024 447 non
1035 409 1242 449 Thebanus
1261 411 1453 451 habeatur.
1504 413 1676 455 Graecos

222 469 481 524 antiquiffimis
503 470 737 519 temporibus
760 470 800 507 in
818 463 1034 518 Hispaniam
1059 479 1140 506 non
1159 467 1367 518 nauigaffe,
1400 479 1528 520 neque
1554 471 1678 522 Aegy-

220 532 351 581 ptios,·
371 533 515 566 certum
536 528 598 571 est,
628 527 793 576 ideoque
808 526 904 566 illud
923 536 1103 577 quoque,
1133 526 1239 576 quod
1260 526 1307 564 de
1325 526 1516 565 columnis
1531 527 1678 568 Hercu-

219 588 267 625 lis
289 585 339 623 ad
358 582 503 634 Calpen
527 591 564 622 et
586 582 743 634 Abylam
769 578 945 628 traditur,
974 582 1021 621 ad
1044 581 1254 624 Herculem
1275 581 1439 635 Tyrium
1466 585 1676 627 retulerim.

219 642 291 683 Illa
310 653 487 693 quoque,
515 648 613 693 quae
636 641 684 680 de
704 639 877 681 Herculis
899 641 939 679 in
957 639 1121 682 Africam
1144 640 1391 691 expeditione
1415 642 1463 682 ad
1489 642 1587 682 mala
1611 655 1677 690 au-

219 703 281 745 rea
306 699 529 744 auferenda,
562 700 686 750 deque
707 701 786 737 eius
810 710 858 737 ex
874 698 1050 748 Aegypto
1070 709 1139 749 per
1161 698 1336 744 Arabiam
1355 700 1402 738 ad
1424 712 1528 739 mare
1548 702 1676 742 orien-

218 757 488 809 tale,·indeque
505 756 552 797 ad
568 755 773 814 Caucasum
794 756 994 796 traduntur
1014 756 1149 797 itinere
1164 754 1209 806 l).
1220 756 1288 797 nifi
1304 769 1411 797 mero
1426 757 1613 809 figmento
1630 772 1675 800 en

218 817 290 854 niti
306 816 528 857 credideris,
561 817 599 853 et
615 822 832 863 temporum
851 815 1036 854 rationem
1055 813 1285 862 neglexeris,
1313 816 1360 853 ad
1375 815 1580 854 Herculem
1593 816 1675 866 Ty-

217 873 317 910 rium
338 871 480 910 referas>
494 869 636 911 neceffe
656 860 717 910 eil.
778 869 963 912 Hercules
982 868 1219 910 Graecorum
1235 869 1380 911 Thebis
1403 879 1514 912 natus
1534 872 1654 915 fertur
1660 887 1673 921 ;

219 931 274 968 ibi
297 937 403 969 erant
420 928 639 972 Phoenices.
685 928 786 977 Quis
805 929 896 969 inde
915 929 1025 981 plura
1040 929 1082 968 iu
1097 928 1237 970 fabulis
1256 928 1304 969 de
1322 929 1492 970 Hercule
1511 929 1675 970 Phoeni-

218 988 281 1025 cio
301 986 372 1026 effe
386 999 467 1026 non
484 986 712 1038 suspicetur?

717 1107 756 1150 5.
783 1114 817 1149 5.
878 1098 950 1143 De
972 1097 1163 1144 Adonide.

335 1171 507 1214 Adonidis
529 1173 630 1224 apud
647 1173 775 1224 Syrios
791 1179 829 1211 et
844 1171 1054 1211 Phoenices
1072 1172 1236 1211 maxima
1258 1171 1352 1212 olim
1377 1173 1500 1224 viguit
1518 1185 1672 1216 venera-

219 1233 295 1278 tio,
327 1240 365 1272 et
389 1244 530 1271 nomen
555 1232 628 1270 iarn
655 1231 802 1280 prodit,
831 1231 910 1269 eius
933 1230 1080 1268 cultum
1108 1242 1156 1268 ex
1173 1229 1334 1269 Oriente
1357 1233 1396 1269 in
1417 1231 1671 1272 Occidentem

220 1289 290 1329 effe
312 1290 534 1340 profectum.
569 1288 715 1326 Adonis
737 1289 837 1324 enim
856 1286 957 1324 haud
976 1287 1091 1324 dubie
1110 1285 1345 1326 Phoenicum
1369 1289 1421 1327 est
1438 1290 1562 1334 Adon,
1591 1292 1613 1328 i.
1634 1303 1665 1329 e.

221 1348 418 1394 dominus;
464 1348 514 1384 ita
538 1347 611 1384 iam
633 1343 843 1394 Hesychius
866 1340 921 1390 m)
949 1354 1082 1381 vocem
1113 1343 1296 1392 explicat:
1344 1341 1467 1386 Αδωως
1490 1343 1669 1389 δεσποτης

221 1403 295 1441 ὑπο
312 1409 483 1446 molvium,
513 1403 613 1442 vnde
629 1403 740 1440 etiam
755 1413 774 1440 a
790 1399 1009 1440 Laconibus
1030 1404 1118 1451 Κιρις
1134 1406 1172 1438 et
1189 1405 1287 1450 Κυρις
1305 1400 1422 1438 didus
1441 1401 1492 1439 est
1509 1401 1667 1450 Adonis,

220 1462 244 1499 i.
266 1472 296 1499 e.
324 1464 461 1511 Κυριος,
496 1460 586 1499 teste
613 1459 748 1497 eodem
768 1456 823 1508 n).
902 1456 1065 1501 Adonis,
1099 1456 1303 1495 secundum
1335 1456 1668 1510 Hefiodum'apud

219 1517 502 1569 Apollodorum
519 1521 559 1564 o)
583 1516 784 1556 Phoenicis
800 1523 837 1554 et
857 1514 1126 1566 Alphesiboeae
1150 1514 1249 1552 filius
1271 1515 1355 1560 fuit,
1384 1516 1483 1554 vnde
1507 1516 1582 1556 hoc
1604 1516 1671 1557 sal-

219 1583 297 1613 tem
332 1574 547 1623 colligitur.
588 1574 802 1613 Adonidem
832 1574 905 1610 iam
938 1573 1103 1620 antiquis
1132 1574 1367 1620 temporibus
1397 1574 1436 1610 in
1464 1573 1668 1614 Phoenicia

218 1630 324 1670 fuiffe
340 1630 508 1677 cultum;
539 1628 665 1668 Locus
687 1629 930 1672 Phoeniciae,
961 1640 1040 1678 quo
1062 1629 1262 1677 praecipue
1285 1628 1494 1674 coleretur,
1524 1629 1668 1681 Byblus

219 1695 308 1727 erat.
369 1685 539 1739 Panyasis
566 1687 668 1737 apud
691 1685 969 1737 Apollodorum
997 1697 1083 1723 eum
1107 1683 1228 1737 fillium
1253 1684 1425 1725 Thiantis
1450 1690 1548 1737 regis
1566 1688 1669 1740 Aisy-

219 1748 386 1789 riorum,
418 1746 441 1784 i.
462 1757 494 1785 e.
523 1744 719 1795 Syriorum
746 1756 794 1784 ex
821 1743 980 1795 Smyrna
1005 1742 1080 1782 filia
1104 1742 1207 1782 dicit.
1293 1743 1552 1795 Apollodorus
1579 1759 1669 1788 eum

219 1803 380 1853 Cinyrae
398 1802 593 1852 Syriorum
611 1804 721 1851 regis,
749 1802 941 1841 coloniam
962 1802 1001 1838 in
1018 1800 1173 1838 insulam
1191 1800 1363 1852 Cyprum
1383 1803 1568 1848 ducentis.
1600 1806 1671 1844 ibi-

215 1872 296 1912 que
322 1859 492 1911 Paphum
518 1861 646 1899 vrbem
674 1859 895 1906 condentis,
933 1858 1054 1898 filium
1077 1856 1181 1896 fuisse
1207 1860 1369 1911 testatur.
1432 1859 1545 1901 Vnde
1570 1862 1671 1902 haud

219 1926 361 1956 temere
383 1918 564 1967 colligere
584 1919 733 1960 videor,
763 1918 891 1968 Syrios
909 1917 1119 1956 Adonidem
1137 1916 1312 1961 coluisse,
1345 1919 1503 1967 eiusque
1522 1920 1670 1958 cultum

221 1977 260 2014 in
273 1974 442 2027 Cyprum
460 1974 640 2014 detuliffe.
702 1974 919 2015 Secundum
938 1974 1130 2026 Heynium
1150 1971 1198 2012 V.
1216 1972 1259 2013 C.
1278 1971 1326 2024 p)
1358 1970 1567 2015 “Adonidis
1589 1972 1672 2029 my‘-

224 2033 279 2072 thi
297 2046 316 2072 e
333 2033 729 2083 pluribus'generibus
746 2035 944 2072 commixti
963 2034 1059 2077 sunt,
1076 2033 1187 2070 etiam
1203 2032 1435 2076 diuersorum
1453 2037 1670 2081 numinum,

226 2103 273 2130 ex
292 2090 413 2142 Syria,
441 2089 663 2136 Phoenicia,
695 2090 894 2142 Aegypto,
926 2089 1078 2142 Cypro3
1104 2087 1282 2129 acceffere
1303 2090 1428 2141 postea
1448 2090 1672 2131 Alexandri-

905 2147 935 2189 Β
967 2161 991 2186 2
1602 2162 1673 2189 nae

269 2228 295 2269 l)
320 2227 564 2269 Aponod.11,3.
592 2226 686 2269 §nn
859 2230 908 2270 m)
928 2227 1065 2271 Hesych.
1088 2237 1115 2258 v.
1134 2226 1257 2263 Αδιυνις.

269 2274 306 2312 u)
328 2272 416 2303 Idem
440 2280 468 2303 v.
488 2269 579 2311 Κιρις.
810 2272 847 2311 o)
869 2271 1020 2313 Apollod.
1036 2270 1089 2307 III,
1102 2279 1149 2308 14.
1172 2269 1206 2311 ὃ.
1218 2281 1232 2308 3
1252 2276 1285 2313 et
1300 2279 1330 2308 4.
1484 2305 1497 2309 ..
1543 2309 1545 2311 v

266 2317 308 2354 p)
328 2315 444 2358 Heyne
462 2311 500 2345 ad
512 2313 667 2355 Apollod.
686 2312 785 2356 p2826
802 2317 835 2346 et
853 2318 925 2353 827.
949 2314 989 2346 cf.
1002 2314 1198 2345 Hermmann
1214 2313 1480 2355 ,2Wytltol.d.L311·.
1498 2324 1529 2356 p.
1544 2315 1672 2356 38÷sqq.
