1959 2701
836 175 1129 213 mm
1675 178 1705 227 9

242 276 327 317 satis
344 273 650 328 quoque,inquit
666 269 714 321 c),
746 274 899 320 constat,
928 282 1112 317 naturam,
1144 267 1303 324 eiusque
1324 274 1400 313 vim
1417 270 1627 324 generandi
1651 272 1698 313 ab

240 336 352 374 initio
383 334 488 374 fuisse
518 331 742 371 declaratam
771 333 931 372 notione
961 333 1002 371 in
1027 331 1225 383 personam
1255 331 1317 370 seu
1351 332 1464 370 deum
1497 330 1690 371 conuersa.

238 391 394 432 Deinde
423 387 677 430 diuerfiffimas
704 402 762 428 res
791 402 811 429 a
834 390 1078 435 Phoenicibus,
1117 387 1335 440 Aegyptiis.
1376 388 1609 434 Thracibus,
1641 401 1690 428 ex

237 449 468 499 theogoniis,
500 448 629 495 orgiis.
656 454 694 485 et
716 449 838 486 teletis
859 448 1025 498 orphicis
1047 449 1179 497 petitas
1197 449 1236 484 in
1256 458 1367 484 vnam
1386 446 1550 484 fabulam
1572 453 1689 485 trans-

236 507 314 545 iisse
331 504 465 548 refert,
497 505 701 554 omniaque
725 506 878 544 tandem
899 506 1075 555 congesta
1093 503 1165 543 effe
1181 505 1222 542 in
1240 503 1430 543 Bacchum
1447 502 1686 549 Thebanum,

238 563 305 613 qui
323 562 478 612 proprie
498 561 596 599 inter
611 560 743 601 heroes
762 560 882 601 effet.”
940 562 1034 602 Non
1050 562 1174 601 dicam
1191 562 1359 613 quidem,
1377 572 1464 601 cum
1482 559 1687 611 Aegyptiac

230 619 414 659 coloniae
432 625 518 658 ante
529 618 715 658 Cadmum
732 621 771 658 in
781 620 937 659 Graecia
956 620 1205 665 consederint,
1237 622 1355 670 inque
1373 619 1449 657 illis
1465 618 1572 663 locis,
1591 630 1688 668 quae

233 684 494 728 occuparunt,
520 689 554 716 v;
575 688 610 718 c.
633 676 809 724 Athenis,
837 678 933 718 sacra
953 677 1088 718 Bacchi
1107 677 1226 717 modo
1246 687 1268 717 a
1285 678 1441 728 reliquis
1461 676 1610 715 diuerso
1628 688 1688 715 ce-

233 735 489 782 lebratafint,
520 736 667 775 cultum
688 735 936 776 Phoenicium
959 737 1000 775 in
1015 736 1173 777 Graecia
1195 735 1266 775 effe
1290 734 1597 785 antiquissimum,
1623 734 1685 773 sed

232 794 363 844 potius
382 793 667 844 Aegyptiacum.
726 793 935 833 Phoenices
953 806 1040 833 cum
1052 792 1249 833 Boeotiam
1265 791 1488 836 insedissent,
1520 793 1683 838 cultum,

233 852 297 890 cui
316 852 355 890 in
376 853 494 902 patria
514 849 664 890 fuiss'ent
681 849 830 898 assueti,
861 852 1007 891 secutos
1024 850 1113 897 effe.
1147 858 1185 890 et
1210 850 1305 890 sacra
1327 850 1402 889 illis
1428 850 1609 890 solemnia
1628 862 1685 889 re-

232 907 377 957 petiiffe
394 908 590 946 verifimile
607 909 667 947 est.
728 908 832 949 Inter
845 909 941 948 [acra
956 909 1020 948 illa
1037 909 1192 947 fuerunt
1209 907 1358 947 fortasse
1375 909 1572 961 trieterica,
1587 919 1684 956 quae

230 964 416 1005 summam
438 965 643 1018 aliquando
663 966 921 1007 celebritatem
944 966 1170 1007 habuerunt.
1231 964 1401 1005 Bacchus
1426 964 1565 1004 deinde
1582 963 1684 1003 The-

232 1023 366 1068 banus,
385 1025 451 1073 qui
469 1035 515 1061 ex
534 1030 648 1073 gente
664 1023 880 1068 Phoenicia,
907 1025 1072 1063 Semeles
1091 1026 1281 1063 nimirum.
1303 1023 1436 1063 Cadmi
1453 1023 1560 1066 filiae,
1581 1022 1680 1062 filius

231 1087 323 1127 erat,
355 1080 484 1120 multis
508 1081 663 1131 egregie
686 1081 788 1122 factis
808 1083 965 1125 meruit,
992 1089 1033 1121 vt
1056 1082 1138 1133 post
1158 1089 1320 1124 mortem
1340 1082 1440 1125 inter
1459 1080 1594 1119 heroes
1615 1090 1682 1118 co-

228 1136 381 1176 leretur.
416 1137 616 1184 Quosnam
634 1151 723 1180 vero
740 1152 827 1182 eum
846 1139 1077 1190 potiffimum
1093 1138 1247 1183 coluiss'e
1267 1139 1448 1182 dicemus,
1475 1138 1540 1176 nifi
1562 1137 1682 1176 Phoe»

231 1195 337 1234 nices
364 1195 403 1232 in
432 1192 610 1238 Boeotia?
673 1195 855 1246 Quonam
880 1208 971 1237 vero
999 1196 1117 1240 modo,
1147 1195 1214 1239 nifi
1240 1195 1446 1237 Phoenicio?
1507 1194 1702 1246 Tandem·

231 1265 320 1293 cum
341 1253 464 1293 cultus
484 1252 594 1291 huius
612 1252 737 1291 herois
763 1266 940 1303 magnam
967 1254 1223 1296 celebritatem
1250 1253 1377 1293 nactus
1399 1252 1502 1297 effet,
1536 1251 1683 1295 fortasse

228 1309 327 1347 sacra
346 1309 422 1352 illa,
441 1319 537 1363 quae
553 1309 591 1346 in
608 1308 794 1353 honorem
814 1310 973 1360 symboli
989 1311 1090 1352 illius
1109 1317 1263 1349 naturae
1280 1312 1443 1348 instituta
1461 1317 1576 1352 erant,
1590 1321 1681 1346 cum

230 1363 422 1407 Bacchicis
449 1365 534 1404 sunt
552 1365 763 1407 coniuncta,
825 1366 863 1409 Si
880 1379 941 1410 ea,
966 1378 1063 1416 quae
1082 1367 1128 1404 de
1145 1365 1281 1408 Bacchi
1298 1368 1335 1404 in
1357 1365 1503 1405 Indiam
1522 1366 1681 1415 expedis-

228 1424 335 1466 tione
358 1428 575 1468 narrantur.
608 1421 724 1466 essent
742 1424 908 1474 antiqua,
937 1435 1062 1475 neque
1083 1424 1164 1475 post
1189 1424 1393 1467 Alexandri
1413 1423 1567 1466 demum
1587 1429 1682 1461 tem.-

229 1492 325 1533 pora
340 1482 380 1518 in
401 1480 558 1522 Graecia
574 1481 738 1529 cognita,
767 1493 786 1520 a
805 1480 1057 1524 Phoenicibus
1078 1482 1205 1525 laitem
1223 1494 1311 1523 cum
1328 1481 1480 1520 Graecis
1507 1493 1681 1524 commu-

228 1538 351 1576 nicata
373 1536 488 1575 effent
511 1537 680 1588 dicenda,
744 1537 804 1575 Ne
823 1550 913 1577 vero
936 1551 978 1581 ea
1003 1550 1090 1580 cum
1107 1538 1260 1580 Frereto
1280 1538 1322 1583 α’)
1344 1538 1580 1587 temporibus
1597 1537 1682 1580 Ale-

227 1594 363 1634 xandri
379 1595 589 1643 antiquiora
607 1601 750 1642 putem,
780 1595 855 1634 hoc
871 1608 931 1634 me
948 1604 1089 1639 mouet,
1120 1596 1370 1644 quodneque
1385 1594 1587 1639 Homerus,
1614 1607 1679 1633 ne·

227 1662 304 1700 que
323 1649 522 1692 Hcfiodus,
549 1661 675 1697 neque
693 1657 827 1698 poetae
846 1651 966 1702 lyrici,
988 1660 1074 1693 ante
1091 1650 1366 1688 Alexandrinos
1385 1652 1431 1688 ab
1453 1650 1677 1695 Hermanno

224 1705 390 1757 inspedi,
422 1717 548 1773 neque
564 1704 806 1773 Herodotus,
833 1719 959 1759 neque
979 1706 1172 1759 Euripides
1194 1708 1234 1746 in
1253 1705 1420 1753 Bacchis,
1451 1719 1578 1760 neque
1598 1707 1678 1747 Ari.-

744 1854 780 1898 ς.
815 1862 864 1899 3·.
911 1848 980 1893 De
1016 1847 1165 1894 Cerere.

343 1919 546 1960 Herodoto
572 1922 597 1960 fi
624 1922 736 1961 fldem
759 1923 941 1963 habemus
959 1928 1015 1969 e),
1052 1923 1284 1974 Gephyraei‚
1322 1923 1531 1962 Phoenices
1557 1922 1677 1961 Boeo-

227 1978 317 2019 tiam
345 1990 431 2016 cum
461 1976 608 2019 Cadmo
634 1988 884 2032 occupantes,
914 1983 1114 2032 posteaque
1143 1994 1163 2019 a
1187 1980 1339 2030 Boeotis
1367 1979 1481 2031 pulli,
1516 1980 1678 2019 Atticam

228 2035 442 2080 insidentes,
471 2036 627 2075 Athenis
646 2040 755 2089 plura
775 2040 917 2090 templa
938 2041 1212 2084 exstruxerunt,
1233 2050 1398 2089 quorum
1416 2039 1554 2089 reliqui
1564 2039 1678 2133 ntqe-
1695 2090 1697 2092 Ι

1531 2108 1622 2134 nien
1641 2107 1678 2133 es

270 2145 302 2183 c)
326 2144 441 2185 Ηυξ-Μ·
461 2144 497 2174 ad
516 2145 753 2188 Apollodor.p
756 2158 834 2186 .‚·7r
853 2148 915 2191 sqq.

272 2186 309 2227 d)
331 2187 407 2218 Fri-e
409 2193 440 2217 et
456 2188 488 2217 in
506 2189 603 2219 Mem.
608 2188 660 2219 ‘de
676 2189 797 2224 l'Acad.
815 2192 873 2225 des
889 2192 1029 2235 inscript
1052 2198 1130 2225 tom.
1143 2190 1220 2224 XX}
1222 2191 1260 2222 Π.
1282 2200 1311 2231 p
1327 2199 1381 2228 -4.=

274 2232 305 2271 e)
330 2229 488 2263 Hei-odet.
505 2229 548 2268 V,
559 2232 610 2262 61.

954 2281 983 2321 B
