1959 2701
146 171 159 182 ⁴
220 181 249 232 8
414 227 416 229 ‚
802 180 1101 218 awa-:2

221 283 412 324 Venerem
432 280 537 321 inam
556 286 715 320 matrem
735 280 870 322 mundi
889 279 976 320 'cum
997 278 1136 324 Diana,
1163 280 1321 332 aliisque
1338 278 1470 320 Lunae
1489 280 1682 331 symbolis,

222 355 254 382 v.
269 354 299 381 c.
321 341 476 386 Hecate,
509 339 673 390 Ilithyia,
700 351 811 378 vnam
833 339 1070 389 eandemque
1086 337 1177 383 effe,
1210 340 1360 388 probari
1381 337 1498 390 possit.
1560 337 1685 378 Hero-

223 401 339 439 dotus
362 403 396 445 t)
418 398 610 437 Venerem
631 399 678 436 ab
701 396 847 446 Assyriis
869 396 1076 446 Mylittam,
1105 397 1152 435 ab
1176 395 1361 436 Arabibus
1382 396 1493 435 Aiiiat
1511 394 1685 436 'vocatam

223 457 409 509 perhibet.
444 454 651 506 Hesychius
670 455 711 503 u)
728 466 885 506 quoque
904 453 1092 493 Venerem
1111 453 1296 504 Myletam
1314 456 1360 492 ab
1383 453 1529 505 Affyriis
1549 453 1685 492 diCtam

224 516 387 554 testatur.
451 513 626 570 Mylitta‚
658 513 720 551 seu
742 514 868 561 potius
889 511 1094 560 Mylidath,
1128 511 1335 549 secundum
1359 512 1602 561 Scaligerum.
1634 513 1686 550 est

223 584 400 621 γενετειρα
418 569 642 623 (genetrix).
704 569 829 613 Alitta.
847 568 907 607 seu
925 568 1052 614 Alilat,
1071 569 1133 608 seu
1157 567 1323 607 Haiilath
1366 568 1574 609 secundum
1594 579 1688 608 eun-

227 630 335 672 dem,
363 628 519 667 denotat
541 628 670 665 lunam
697 627 930 672 nascentem,
963 628 1207 666 noffliucam.
1281 627 1396 666 Aliiat
1424 627 1687 666 Hebraeorum

227 688 278 726 est
303 685 443 731 Lilith,
484 692 522 723 et
539 684 627 723 inde
646 683 881 724 Graecorum
902 686 1106 727 Ειλειθυια,
1138 684 1424 730 Romanorum,
1458 686 1526 735 qui
1554 697 1689 724 vocem

227 744 463 793 interpretati
478 743 575 788 sunt,
593 741 740 781 Lucina
756 746 813 788 x).
876 742 1015 793 Neque
1034 743 1128 783 haec
1148 742 1320 787 Veneris,
1350 751 1541 792 tamquam
1559 742 1689 782 Lunae

228 800 413 853 symboli,
455 802 565 840 notio
593 800 694 851 apud
719 799 886 840 Graecos
912 799 1062 851 prorsus
1085 801 1247 848 interiit3
1294 803 1332 838 in
1361 799 1530 849 Orphica
1560 800 1690 839 saltem

230 859 470 909 philosophia
490 858 676 907 quaedam
696 858 743 897 de
764 857 914 897 Venere
939 858 1220 907 praedicantur.
1252 870 1369 908 quae,
1401 856 1467 896 nisi
1487 859 1596 897 notio
1612 857 1690 897 Lu-

231 928 303 955 nae
324 916 442 955 menti
459 915 660 956 inhaereat.
689 915 878 965 explicare
901 915 1049 954 nescias.
1098 914 1152 955 lta
1172 916 1210 953 in
1230 915 1375 967 hymno
1397 926 1462 953 mv
1480 913 1627 966 Orphei
1645 918 1689 967 y)

229 973 364 1012 Venus
390 973 607 1023 appellatur
629 974 798 1013 coelestis
818 971 1017 1025 (ουρανιη).
1050 970 1185 1023 [quam
1216 972 1436 1013 Herodotus
1454 980 1633 1024 ‘quoque
1654 979 1692 1012 et

229 1029 427 1071 Pausanias
441 1042 461 1068 a
481 1030 595 1080 Syriis
613 1030 753 1069 cultam
774 1030 943 1069 referunt
959 1026 1033 1082 z)]
1061 1031 1243 1069 nocturna
1265 1033 1693 1078 (φιλοπαννυχος,νυκτε-

231 1086 331 1139 eus),
363 1084 555 1127 manifesta
581 1096 619 1127 et
648 1087 846 1127 inuisibilis
875 1086 1089 1135 (φαινομενη,
1116 1085 1282 1139 amus-ne).
1358 1085 1403 1127 In
1430 1087 1507 1127 alio
1532 1097 1690 1140 quoque

233 1144 382 1195 Orphei
402 1146 549 1194 hymno
568 1149 609 1191 α)
630 1146 813 1194 quaedam
833 1145 880 1183 de
892 1144 1015 1183 Diana
1034 1152 1255 1190 occurrunt,
1286 1157 1383 1195 quae
1401 1157 1480 1183 non
1498 1146 1564 1184 nisi
1586 1146 1692 1185 sensu

233 1203 303 1242 ino
333 1203 611 1254 cosmogonico
639 1202 734 1241 sumi
760 1201 937 1253 poffunt;›
975 1202 1114 1242 dicitnr
1139 1203 1241 1243 enim
1267 1214 1310 1242 ea
1335 1202 1535 1242 hominum
1558 1205 1690 1243 nutrix

234 1259 398 1313 (βροτων
421 1273 639 1309 κεροτροφος
661 1257 838 1305 Σιαμων),
872 1257 1043 1297 omnium
1066 1262 1195 1307 regina
1222 1260 1554 1307 (παμβασιλεια),
1597 1275 1691 1312 opes

232 1315 417 1367 praebens
435 1313 714 1366 (ολβιομοιρος).
777 1313 918 1352 Astarte
947 1313 1206 1359 Phoenicum,
1251 1314 1277 1354 fi
1304 1316 1434 1355 eadem
1462 1316 1578 1356 fuerit
1601 1330 1690 1358 cum

234 1373 402 1412 Arabum
424 1371 558 1415 Afilae,
585 1371 927 1420 Hebraeorumque
944 1371 1074 1416 Lilith,
1108 1373 1266 1411 eandem
1286 1375 1381 1416 vim,
1410 1374 1589 1426 idemque
1606 1388 1692 1415 mu-

234 1442 307 1469 nus
332 1429 484 1472 habuit,
518 1427 625 1479 quod
645 1427 780 1470 Graeci
800 1427 973 1479 Ilithyiae
992 1429 1219 1468 tribuebant.
1282 1429 1447 1470 Hebraei
1475 1444 1556 1472 eam
1580 1444 1691 1484 puer-

236 1489 336 1538 peris
355 1494 392 1524 et
415 1487 540 1535 partui
557 1487 749 1524 inimicam
767 1486 970 1525 censebant
987 1485 1042 1535 b).
1105 1487 1352 1536 Sequioribus
1372 1492 1607 1539 temporibus
1627 1490 1691 1529 lli-

236 1544 339 1594 thyia
360 1541 443 1582 Dea
462 1554 481 1580 a
502 1540 628 1580 Diana
648 1542 791 1581 diuersa
813 1540 883 1581 effe
910 1542 1036 1586 desiit,
1071 1544 1228 1594 eiusque
1255 1551 1292 1583 et
1317 1556 1459 1584 nomen
1486 1554 1523 1585 et
1550 1559 1700 1585 munus

235 1600 384 1640 Dianae
409 1600 594 1637 tributum
614 1599 683 1642 est,
712 1611 826 1648 quam
853 1610 954 1641 non,
985 1607 1025 1637 vt
1042 1600 1218 1645 Hebraei,
1251 1602 1404 1641 dolores
1425 1606 1600 1649 excitare,
1629 1605 1691 1644 sed

237 1657 365 1708 potius
384 1666 562 1693 amouere
583 1655 770 1695 dicebant.
834 1654 964 1702 Quam
981 1657 1181 1694 notionem
1197 1658 1334 1695 melius
1351 1658 1496 1698 Veneri
1517 1661 1593 1700 fiue
1614 1660 1694 1699 Lu-

238 1727 309 1755 nae
339 1713 549 1755 conuenire
580 1719 687 1765 puto.

747 1831 783 1877 5.
820 1840 855 1867 2.
925 1823 997 1871 De
1026 1824 1195 1872 Baccho.

356 1912 521 1951 Primam
549 1911 699 1951 fabulae
722 1913 769 1952 de
798 1914 958 1964 Dionyso
982 1912 1058 1952 flue
1080 1913 1216 1953 Baccho
1237 1917 1437 1955 notionem
1466 1916 1570 1956 fuisse
1600 1918 1698 1969 sym-

242 1971 406 2012 bolicam
430 1979 468 2010 et
492 1983 540 2011 ex
568 1971 704 2011 Oriente
726 1969 953 2022 prestitam,
987 1983 1102 2012 nemo
1124 1973 1292 2020 dubitet,
1332 1975 1383 2014 ait
1402 1972 1481 2016 Cel.
1501 1974 1698 2028 Heynius;

285 2083 315 2118 t)
340 2081 498 2114 Herodot.
514 2081 539 2114 I.
554 2091 587 2117 13
598 2090 623 2111 r.
796 2083 834 2122 u)
857 2081 994 2124 Hesych.
1016 2093 1045 2114 v.
1065 2082 1205 2122 Μυλητα,
1615 2034 1699 2074 saus

282 2127 327 2164 x)
349 2124 474 2156 selden.
491 2124 531 2154 de
549 2124 620 2156 Diis
636 2123 726 2164 Syris
750 2123 966 2165 Syntagm.II.
988 2135 1018 2165 p.
1031 2135 1089 2164 ²49
1105 2127 1153 2158 ed.
1169 2128 1296 2169 Beyeri.
1319 2126 1440 2168 Lipsiae
1461 2128 1552 2160 1668.
1575 2132 1607 2161 et
1619 2127 1701 2160 Her-

357 2177 452 2197 mmn
471 2165 671 2206 Mytlwlogie
687 2165 743 2197 der
757 2167 897 2207 Lyriker
917 2178 947 2209 p.
960 2178 1031 2207 434.
1054 2174 1121 2200 not.
1138 2173 1209 2209 878.
1230 2171 1284 2212 qui
1302 2170 1473 2204 Scldenum
1494 2171 1619 2204 secutus
1646 2170 1698 2203 est.

285 2211 325 2248 y)
348 2209 448 2251 Orph.
464 2210 586 2252 Hymn.
601 2218 648 2248 54.
674 2220 701 2241 v.
717 2220 740 2241 1.
753 2221 780 2241 2.
794 2220 841 2241 10.

286 2255 325 2290 z)
350 2252 507 2284 Herodot.
524 2254 548 2289 I,
564 2263 599 2282 10
606 2262 633 2290 ς.
678 2253 803 2285 Pausan.
822 2254 919 2286 Attic.
933 2264 964 2296 p.
980 2264 1021 2286 m.
1036 2265 1083 2293 ¹4·

286 2298 323 2337 a)
346 2295 446 2336 Orph.
469 2296 589 2338 Hymn.
602 2306 653 2335 35·
676 2307 705 2330 v.
716 2300 745 2330 8.
759 2307 848 2338 ¹1·9·
1022 2296 1057 2340 b)
1079 2297 1208 2332 Selden.
1233 2307 1264 2340 p.
1276 2307 1343 2331 ma
1350 2307 1401 2338 52-
