1959 2701
866 191 1158 235 »ψ
1689 206 1740 253 15

286 297 369 339 Cel.
388 297 559 350 Heynius
575 291 636 348 ἡκ
661 293 864 353 ἔδροᾶειηῐ
882 294 977 336 haec
997 295 1045 336 ad
1064 295 1358 349 antiquiffimum
1376 304 1413 337 et
1430 298 1617 350 lingulare
1631 310 1741 352 pror-

288 357 348 397 sus
370 357 582 397 fabularum
606 366 749 405 genus,
781 355 827 395 ad
855 362 1063 394 extremam
1086 354 1248 395 Africam
1274 355 1506 405 relegatum,
1536 369 1557 395 a
1580 357 1737 398 Graecis

282 415 390 455 -haud
416 416 531 453 dubie
553 412 706 452 aliunde
727 422 936 465 acceptum.
982 431 1040 439 —
1065 410 1191 453 Multa
1213 413 1352 459 insu-nt,
1385 425 1483 464 quae
1500 426 1521 453 a
1538 413 1735 456 Phoenici-

282 474 359 514 -bus
378 479 531 522 accepta
549 471 735 516 videntur,
763 471 892 510 saltem
911 470 960 510 ab
980 471 1039 516 iis,
1067 471 1135 522 qui
1160 478 1374 510 extremum
1393 470 1535 522 Libyae
1559 475 1734 512 occiden-

286 538 364 571 tem
383 529 626 578 nauigatione
645 529 829 573 adierantx,
853 535 891 567 et
907 539 1009 567 noua
1029 539 1073 568 ac
1088 529 1182 567 mira
1202 529 1256 580 ibi
1275 528 1348 568 visa
1365 530 1641 569 renuntiabant.
1687 529 1736 571 Et

285 589 362 627 alio
379 587 469 625 loco
488 586 546 626 d):
573 586 705 636 Stirpis
722 598 742 624 a
761 585 931 637 Phoreye
949 593 986 625 et
1003 584 1101 625 Ceto
1121 594 1328 636 prognatae
1347 589 1663 626 commemoratio
1682 590 1735 627 vi·

285 644 397 684 detur
416 645 551 694 partim
571 642 795 683 Phoeniciae
818 644 988 694 originis.
1016 644 1079 683 sed
1103 644 1311 683 admodum
1335 652 1513 695 corrupta
1532 643 1625 691 effe,
1651 657 1735 696 par-

285 703 353 742 tim
372 703 631 752 nauigantium
650 702 695 741 ad
714 710 928 743 extremum
948 703 1186 741 occidentem
1202 703 1345 741 Africae
1364 709 1402 740 et
1411 702 1620 753 Hispaniae,
1644 716 1734 754 par-

284 761 354 799 tim
374 769 592 812 poetarum,
618 761 687 812 qui
703 759 821 799 Persei
840 771 899 798 res
923 760 1042 810 gestas
1066 761 1233 799 carmine
1256 759 1513 811 exposuerunt
1530 763 1637 802 etc.”.
1674 779 1734 789 —-

706 927 709 930 Δ
748 901 785 946 5.
823 910 838 937 ι
853 910 883 938 1.
945 892 1016 942 De
1045 893 1240 954 Agenore.
1446 931 1454 937 .
1603 931 1609 934 .

396 969 542 1020 Agenor
559 970 713 1020 Neptuni
728 982 776 1008 ex
803 969 911 1023 Libye
929 970 1048 1014 filius,
1077 970 1154 1009 Beli
1169 970 1301 1013 frater.
1336 965 1539 1019 [Scholion
1558 969 1604 1009 ad
1625 968 1731 1009 Euri-

279 1027 411 1079 pidem
429 1040 516 1067 eum
535 1027 612 1067 Beli
621 1027 746 1079 filium,
780 1027 1031 1078 Phomiciaque
1039 1029 1184 1078 fratrem
1202 1030 1375 1067 nominat
1392 1026 1458 1079 e)]
1490 1040 1630 1078 genere
1647 1027 1731 1067 Ina·

277 1085 478 1125 thidarum
495 1087 566 1136 f).
597 1098 645 1124 ex
671 1086 844 1135 Aegypto
869 1087 908 1124 in
926 1086 1143 1136 Phoenicen
1166 1085 1202 1123 se
1222 1087 1422 1124 conferens
1440 1089 1474 1124 ei
1497 1088 1657 1135 imperat
1669 1088 1730 1134 g).

281 1149 319 1181 et
340 1154 388 1181 ex
421 1140 610 1193 Telephaffa
634 1142 816 1190 Europam
836 1141 964 1186 filiam,
991 1142 1167 1193 filiosque
1189 1142 1372 1186 Cadmum.
1403 1143 1599 1192 Phoenicem
1616 1149 1655 1181 et
1676 1142 1732 1182 Ci'·

280 1198 371 1239 licem
388 1207 562 1251 procreat
581 1200 634 1244 h).
698 1197 848 1250 Europa
873 1208 996 1249 rapta,
1028 1198 1127 1238 filios
1151 1199 1195 1238 ad
1217 1212 1299 1251 eam
1324 1201 1576 1250 quaerendam
1603 1202 1730 1244 mittit.

279 1269 330 1297 ne
347 1269 528 1308 vnquam,
562 1257 627 1295 nili
646 1254 834 1306 Europam
851 1258 1079 1301 inuenerint,
1110 1256 1207 1295 adse
1223 1259 1390 1302 redeant,
1421 1256 1534 1297 iuffos
1552 1260 1594 1304 i).
1657 1257 1732 1297 Te·

278 1313 602 1365 lephaffamater,
645 1321 682 1352 et
711 1314 837 1366 'I‘lzasus
864 1312 1056 1364 Neptuni,
1087 1313 1293 1352 secundum
1318 1314 1572 1365 Pherecydem
1600 1314 1729 1364 Cilicis

279 1371 392 1418 filius,
421 1372 512 1412 illos
532 1372 770 1410 comitantur.
834 1368 954 1411 Omni
967 1371 1011 1424 ,in
1030 1371 1243 1421 quaerenda
1260 1370 1410 1422 Europa
1437 1373 1633 1422 diligentia
1652 1374 1731 1411 fru-

279 1430 349 1470 stra
374 1429 561 1474 adhibita,
593 1441 679 1467 cum
703 1429 748 1481 ad
768 1435 911 1478 patrem
931 1428 1051 1467 redire
1074 1440 1153 1467 non
1173 1428 1314 1472 liceret,
1345 1429 1573 1469 alius**aliam
1592 1437 1728 1470 terram

277 1486 423 1532 inlidet.
484 1486 556 1527 Pro
580 1484 799 1539 Telephassa
822 1486 923 1536 apud
943 1484 1175 1538 Stephanum
1197 1484 1450 1542 Byzantinum
1474 1488 1615 1538 legitur
1640 1487 1731 1527 Tele-

270 1547 422 1597 phae'lt)
448 1553 487 1584 et
514 1544 651 1594 Telephe
664 1544 708 1590 l).
778 1543 1000 1583 scholiastes
1022 1556 1179 1594 quoque
1203 1543 1393 1594 Euripidis
1427 1545 1589 1595 Telephen
1616 1545 1731 1585 habet

279 1601 454 1652 Europae
481 1609 659 1644 matrem,
691 1600 751 1638 sed
778 1598 959 1638 Plioenici
989 1608 1145 1648 nuptam
1169 1597 1235 1647 m).
1296 1601 1514 1642 Secundum
1544 1600 1729 1652 Pherecy-

278 1660 366 1699 dem
385 1671 407 1697 n
413 1664 428 1705 )
450 1664 488 1696 et
508 1656 704 1706 Hyginum
721 1660 762 1700 ο)
784 1656 941 1705 Argiope
957 1654 1039 1695 Nili
1055 1656 1129 1695 filia
1150 1655 1334 1706 Agenoris
1352 1657 1424 1696 fuit
1441 1670 1547 1697 vxor.
1611 1658 1729 1710 Apol-

276 1717 376 1758 konii
394 1714 616 1755 Scholiastes
643 1725 690 1752 ex
712 1712 927 1764 Pherecyde
953 1713 1065 1752 refert
1079 1717 1146 1764 p),
1184 1713 1401 1765 Agenorem
1429 1716 1558 1766 primis
1584 1707 1728 1767 nuptiis

279 1776 439 1819 Damno,
471 1772 551 1813 Beli
569 1771 707 1819 filiam,
739 1773 984 1812 matrimonio
1001 1768 1186 1818 habuiffe,
1215 1783 1331 1825 equa
1349 1773 1502 1813 tolleret
1518 1774 1738 1823 Phoenicem,-

1597 1833 1730 1886 Isaeum

321 1887 355 1927 ι)
378 1886 495 1928 Heyne
512 1882 551 1916 ad
567 1882 718 1925 Apollod.
741 1894 772 1926 p.
785 1884 844 1923 296
859 1888 892 1915 et
914 1892 985 1923 297.

320 1929 360 1971 d)
383 1930 499 1971 Heyne
516 1928 556 1958 de
574 1927 770 1968 Theogonia
784 1927 925 1964 Hefiodi,
937 1928 981 1958 -in
998 1926 1207 1960 Commentat.
1221 1925 1286 1958 soc.
1306 1925 1396 1959 Gott.
1420 1927 1459 1960 T.
1467 1927 1507 1960 11.
1529 1938 1560 1970 p.
1573 1937 1643 1968 ¹42·

321 1974 354 2013 e)
377 1971 484 2005 schol.
503 1969 669 2011 adEurip.
683 1970 804 2002 Phoen.
827 1980 856 2002 v.
868 1980 882 1999 2
891 1979 940 2009 54.

313 2015 360 2059 s)
383 2013 536 2056 Apollod.
545 2013 600 2047 ΙΙΙ,
614 2023 639 2043 1.
661 2012 694 2053 ὃ.
707 2022 733 2043 1.
759 2013 799 2049 Π,
812 2023 840 2044 1.
861 2012 935 2054 §.4
978 2007 1139 2044 Scholiast.
1152 2009 1190 2042 ad
1203 2008 1314 2053 Eurip.
1330 2010 1451 2044 Phoen.
1472 2023 1501 2046 v.
1512 2022 1542 2051 5.
1584 2012 1725 2046 Eustnth.

394 2057 432 2089 ad
447 2054 581 2096 Dionys.
598 2054 753 2096 Perieget.
778 2066 807 2088 v.
817 2058 890 2096 899.
935 2053 1086 2088 Tzctzae
1104 2054 1182 2088 Chil.
1196 2052 1267 2090 VII,
1281 2064 1292 2085 x
1300 2054 1349 2091 36·

318 2103 362 2142 g)
384 2098 535 2141 Apollod.
554 2096 592 2135 ΙΙ,
606 2108 630 2131 ι
656 2097 690 2137 §.
700 2108 730 2135 4.
903 2096 941 2135 hl)
964 2094 1117 2139 Apollod.
1135 2098 1188 2134 111,
1201 2106 1228 2128 1.
1256 2096 1289 2138 §-
1302 2107 1329 2128 1.

321 2146 350 2183 i)
370 2141 522 2184 Apollod.
538 2139 589 2170 1.1.
634 2139 729 2171 Ouid.
750 2139 827 2171 Met.
839 2139 964 2179 11‚858.

321 2187 356 2229 k)
379 2183 581 2226 Steph.Byz.
605 2191 634 2213 v.
650 2182 813 2222 Alpdaaoc.
1044 2182 1073 2225 1)
1093 2181 1183 2214 ldem
1204 2190 1232 2213 v.
1250 2180 1383 2216 Θασσος.

320 2234 369 2272 m)
390 2226 496 2262 Schol.
512 2224 621 2265 Eurip‚
641 2225 679 2255 ad
695 2224 815 2257 Phoen.
836 2235 864 2256 v.
877 2233 903 2262 ς.
1074 2227 1113 2266 η)
1136 2223 1241 2258 Schol.
1254 2223 1410 2265 Apollon.
1426 2223 1483 2262 111,
1496 2226 1553 2257 1¹8
1559 2233 1587 2263 5.

321 2276 357 2314 o)
381 2271 502 2314 Hygin-
519 2268 612 2304 [178
640 2272 672 2304 et
689 2267 855 2300 Muncker.
870 2269 909 2300 ad
922 2267 1046 2310 Hygin.
1065 2267 1138 2299 ·c‚6,

319 2320 361 2359 p)
380 2314 487 2351 Schol.
501 2310 609 2355 Apoll.
625 2310 664 2343 ad
681 2321 712 2343 v.
727 2310 749 2345 l.
