1959 2701
828 222 1120 258 sswffl
1649 228 1701 277 19

249 327 385 362 terram
405 320 537 361 dittam
559 317 698 358 volunt
715 315 911 359 Boeotiam
927 321 1000 365 m);
1034 318 1161 358 fabula
1187 315 1234 358 de
1256 320 1357 359 boue
1379 322 1465 371 ipsa,
1495 323 1549 360 vti
1567 320 1631 370 illa
1651 321 1700 363 de

251 378 404 430 Spartis,
423 390 472 417 ex
495 384 624 427 etymo
643 384 727 414 nata
748 376 799 416 est
818 379 871 424 n).
934 374 1181 421 Euhemerus,
1210 387 1328 427 quem
1354 386 1486 416 omnes
1508 378 1699 428 paradoxa

251 437 291 475 in
308 437 456 476 historia
478 434 643 473 secutum
664 433 794 478 sciunt,
816 433 1021 474 cadmum
1033 433 1278 473 Sidoniorum
1304 437 1403 485 regis
1422 447 1590 486 coquum
1610 449 1699 478 cum

251 493 460 533 Harmonia
487 492 688 530 cantatrice
714 490 894 541 aufugisse
918 491 1123 530 tradiderat
1146 488 1200 541 o).
1277 492 1527 542 Quantopere
1556 496 1696 539 omnia.

251 550 425 601 inprimis
444 548 549 599 quod
573 547 619 586 ad
636 546 770 587 Cadmi
786 550 826 587 in
843 548 1036 588 Boeotiam
1061 547 1289 594 aduentum,
1331 550 1490 599 eiusque
1505 544 1587 589 inid
1607 551 1699 591 facta

250 609 397 651 attinet,
429 605 565 645 fabulis
583 605 772 645 cumulata
789 605 869 653 fint,
902 607 1065 656 quisque
1082 605 1205 654 videt;
1236 618 1367 645 verum
1384 606 1455 646 ess'e
1471 614 1581 657 puto,
1593 608 1698 658 quod

251 663 445 703 Pausanias
470 663 585 703 refert
600 659 672 713 p),
702 660 889 704 Cadmum
921 675 1011 702 cum
1038 661 1283 703 Phoenicum·
1300 665 1471 705 exercitu
1496 665 1538 710 (i,
1558 676 1589 704 e.
1609 676 1699 705 cum

251 721 423 768 colonis)
447 719 652 766 aduenisse,
683 711 1020 772 Hyantesffviciffffi
1060 719 1264 772 Aonesque
1290 733 1441 761 manere
1467 728 1583 773 atque
1609 735 1699 762 cum

249 777 503 818 Phoenicibus
525 778 669 817 misceri
688 776 829 828 passum
852 777 933 818 effe.
994 776 1058 817 De
1081 779 1214 817 litteris
1229 778 1389 829 aliisque
1410 780 1575 827 artibus,
1604 791 1701 833 quan

253 833 484 879 Cadmuein
501 835 698 876 Graeciam
716 834 880 876 intuliffe
898 836 1048 882 dicitur,
1080 835 1158 876 alio
1180 835 1271 877 loco
1292 843 1435 892 agetur.

733 952 772 996 §-
808 959 868 997 ις.
938 944 1008 991 De
1034 943 1219 1005 Europae

369 1018 520 1070 Europa
545 1019 646 1071 apud
672 1019 885 1060 Homerum
911 1018 1087 1058 Phoenicis
1112 1018 1187 1058 filia
1211 1019 1389 1065 vocatum
1418 1030 1535 1072 quae.
1564 1032 1585 1060 a
1606 1019 1701 1061 Ioue

252 1082 392 1119 amata,
421 1075 597 1116 Minoem
614 1085 653 1116 et
668 1077 998 1117 Rhadamanthum
1015 1076 1114 1116 filios
1140 1078 1176 1115 ei
1199 1080 1346 1128 peperit
1365 1077 1415 1126 q).
1477 1078 1700 1117 Scholiastee

252 1132 414 1172 Homeri
433 1144 481 1171 ex
497 1132 664 1173 Hesiodo
683 1140 721 1173 et
736 1132 960 1184 Bacchylide
984 1133 1148 1172 eundem
1165 1135 1340 1173 nominat
1361 1140 1505 1184 patrem
1520 1131 1573 1188 r).
1636 1135 1702 1174 Se-

255 1190 425 1230 cundum
444 1187 709 1239 Bacchylidem
731 1192 874 1241 Iupiter
899 1192 939 1229 in
968 1191 1212 1240 pratovflores
1241 1190 1423 1239 colligere
1450 1199 1541 1230 eam*
1557 1191 1701 1237 videns,

255 1258 385 1287 amore
410 1247 490 1287 eius
512 1247 739 1286 accenditur.
803 1246 848 1286 In
877 1253 1026 1286 taurum
1051 1250 1236 1291 mutatus.
1267 1258 1502 1298 crocumque
1525 1248 1703 1288 redolent

255 1305 303 1343 ad
327 1317 407 1342 eam
432 1304 595 1348 aceedit,
622 1303 745 1352 Virgo
770 1305 810 1341 in
838 1305 918 1341 eius
944 1303 1055 1341 dorso
1079 1303 1265 1347 confidet,
1294 1303 1516 1355 Iupiterque
1537 1307 1576 1342 in
1601 1318 1704 1344 mare

253 1359 451 1412 prosiliens
468 1370 551 1398 eam
570 1360 610 1398 in
629 1358 778 1399 Cretam
798 1359 930 1404 aufert,
947 1359 1077 1409 ibique
1096 1360 1175 1398 eius
1194 1359 1373 1411 amplexu
1392 1359 1540 1400 fruitur.
1601 1360 1704 1401 Astea

256 1420 358 1458 rioni
382 1418 509 1467 postea
538 1415 673 1455 Cretae
704 1419 785 1467 regi
817 1424 935 1467 nupta
967 1416 1067 1455 filios
1101 1418 1248 1468 peperit
1281 1417 1477 1463 Minoem,
1515 1414 1703 1468 Sarped&-

255 1486 345 1515 nem
373 1480 412 1511 et
436 1472 777 1512 Rhadamanthum.
846 1472 1105 1523 Apollodorus
1133 1484 1290 1524 quoque
1316 1472 1548 1515 Phoenicem
1574 1486 1594 1513 a
1619 1476 1705 1526 qui-

255 1532 414 1572 busdam
447 1529 622 1581 Europae
650 1538 794 1583 patrem
827 1530 901 1570 dici
931 1530 1083 1569 testatur
1108 1531 1160 1578 ε).
1230 1530 1477 1571 Recentiores
1507 1532 1706 1585 scriptores

256 1600 391 1627 omnes
418 1599 499 1624 eam
519 1588 689 1634 Agenoris
713 1588 833 1625 filiam
852 1594 998 1624 vocant.
1034 1586 1313 1635 Apollodorus.
1344 1587 1522 1636 Hyginus
1546 1596 1584 1625 et
1607 1588 1706 1628 Oui-

255 1645 340 1690 dius
365 1643 496 1681 eadem
520 1644 682 1681 omnino
708 1655 797 1682 cum
820 1641 1045 1691 Bacchylide
1070 1648 1241 1685 narrant,
1272 1641 1339 1681 nifi
1363 1644 1470 1693 quod
1493 1644 1707 1695 Apollodo-

257 1714 322 1741 rus
341 1712 383 1739 ea
405 1710 572 1750 quoque,
599 1710 696 1750 quae
713 1700 814 1751 apud
832 1699 1046 1739 Homerum
1070 1698 1211 1738 diuersa
1229 1700 1490 1745 inueniuntur,
1517 1701 1641 1750 addit,
1668 1709 1707 1742 et

258 1758 364 1811 quod
380 1757 557 1808 Hyginus
579 1756 627 1796 de
646 1757 841 1798 Asterione
864 1764 903 1796 et
921 1755 1088 1797 Ouidius
1111 1756 1157 1805 de
1179 1755 1266 1795 filiis
1290 1756 1370 1796 filet
1387 1757 1431 1807 t).
1492 1759 1613 1806 Quod
1631 1772 1710 1799 ma-

258 1824 355 1855 trem
378 1817 530 1859 attinet,
570 1825 683 1864 quam
712 1814 887 1865 Europae
914 1815 1026 1859 dant,
1067 1814 1217 1858 eadem,
1256 1825 1371 1865 quam
1397 1817 1438 1853 in
1463 1815 1649 1866 Agenoris
1672 1823 1710 1856 et

258 1872 459 1914 Phoenicis
485 1873 667 1911 vxoribus
689 1873 873 1916 vidimus,
904 1873 1053 1911 obtinet
1077 1870 1278 1910 diuerfitas.
1340 1872 1494 1912 Solinus
1519 1872 1708 1925 Europam

255 1932 301 1972 ‚in
325 1930 430 1968 amni
449 1927 618 1968 Lethaeo
642 1929 689 1968 ad
708 1925 922 1980 Gortynam
949 1931 1046 1968 tauri
1070 1928 1181 1967 d'orfo
1206 1928 1417 1967 vectitatam
1439 1930 1553 1971 refert
1569 1929 1632 1983 u),
1673 1938 1710 1969 et

1012 1984 1045 2026 C
1076 1999 1098 2027 2
1336 1990 1338 1992 '
1669 1989 1709 2028 in

302 2068 352 2107 m)
371 2066 404 2098 H
417 2067 495 2107 ⁷gin.
516 2066 538 2097 f.
552 2070 621 2103 178.
856 2069 894 2109 n)
915 2066 955 2098 ef.
971 2067 1092 2108 Heyne.
1108 2066 1146 2097 ad
1161 2066 1312 2107 Apollod.
1335 2077 1366 2107 p.
1379 2076 1448 2106 554.

302 2111 338 2151 ο)
359 2077 646 2146 Athenaeus-xlv,
660 2118 710 2142 22.
938 2111 981 2152 p)
1004 2100 1129 2144 Pasti.
1146 2109 1261 2143 Boeot.
1284 2119 1315 2151 p.
1329 2112 1399 2148 285.

303 2156 343 2235 33
361 2151 643 2228 Is-lgjrgfrHIgnzssqu
655 2163 690 2226 ἷῖ.
700 2163 772 2231 ΞΠ,
789 2203 859 2232 397.
883 2188 1057 2237 cf.‘Heyne
1073 2194 1112 2225 ad
1128 2194 1279 2234 Apollod.
1304 2204 1333 2236 p.
1347 2194 1419 2232 326.

305 2241 340 2281 s)
359 2236 511 2280 Apollod.
526 2237 581 2273 ΠΙ,
594 2247 628 2269 1„
642 2236 676 2279 §.
691 2247 718 2270 ι.
1014 2254 1020 2259 -

307 2287 320 2314 t
317 2286 337 2324 )
358 2280 571 2323 Aponoa.1.1.
616 2281 739 2322 Hygia.
762 2279 784 2312 f.
799 2283 869 2318 178.
913 2257 1008 2313 onia]
1027 2282 1104 2314 Met.
1119 2280 1157 2313 Η.
1167 2282 1229 2318 840
1246 2279 1289 2321 sq.

306 2327 344 2367 u)
366 2324 497 2359 Solinus
514 2333 544 2356 c.
557 2333 584 2356 π.
