1959 2701
842 183 1135 220 &aaa
1664 190 1715 235 32

258 283 364 328 'dorm
389 283 639 326 memorabile
662 287 782 332 opus,
815 279 976 332 antiquo
1003 279 1124 321 modo
1150 279 1292 321 affabre
1317 280 1454 322 fanum
1480 288 1611 330 vocat,
1641 281 1717 323 Mi·

258 356 398 383 neruae
416 342 575 382 Lindiae
594 352 642 379 ex
664 346 757 378 voto
778 339 916 378 dicitur
939 337 1091 377 donasse
1110 335 1165 390 o).
1227 338 1397 389 Magnos
1414 339 1622 379 Phoenices
1641 342 1712 380 iam

258 409 340 443 tum
366 403 407 441 in
432 398 624 440 tractando
646 409 731 437 aere
755 395 878 437 fecisse
904 395 1118 448 progressus
1143 396 1233 437 inde
1259 405 1430 448 apparet,
1465 398 1574 449 quod
1599 400 1638 438 in
1662 398 1709 439 le-

258 461 345 498 bete
364 459 435 496 illo
454 458 599 494 litterae
617 461 731 494 erant.
793 454 971 497 Graecos,
1003 465 1092 492 cum
1116 453 1351 493 Phoenicum
1377 466 1492 505 opera
1509 463 1595 495 ante
1620 467 1710 496 ocu·

258 514 318 557 los
344 515 541 559 haberent,
572 512 692 554 multa
716 511 763 552 ab
786 512 831 552 iis
859 509 1035 558 didiciffe,
1063 522 1180 552 nemo
1196 513 1360 564 negabit.

702 624 738 670 §.
770 634 807 672 4.
867 616 937 664 De
964 627 1052 665 arte
1079 620 1265 665 textoria.
1325 657 1346 662 „t

374 694 503 736 Artem
520 693 722 735 textoriam
740 706 759 733 a
778 689 1032 733 Phoenicibus
1051 694 1121 734 effe
1141 696 1336 735 inuentam
1358 702 1396 735 et
1414 694 1577 736 sollertia
1595 696 1709 736 huius

257 754 411 806 populi,
447 761 485 792 et
509 752 748 804 praestantia,
781 761 894 800 quam
921 763 979 789 ars
1005 751 1070 790 illa
1094 752 1353 802 antiquiffimis
1377 756 1450 791 iam
1471 756 1710 804 temporibus

258 812 358 863 apud
376 823 440 851 eos
459 811 601 861 attigit,
634 807 831 847 verisimile
847 808 1022 847 reddunt.
1085 806 1184 849 Cum
1205 821 1294 849 vero
1310 810 1434 857 nulla,
1462 811 1710 861 quod-sciam,

257 877 430 909 veterum
453 869 599 906 exstent
622 867 845 910 testimonia,
877 868 1015 916 quibus
1036 865 1290 906 Phoenicibus
1310 868 1412 907 illius
1436 869 1524 907 artis
1543 870 1711 908 vindice-

258 933 321 966 tur
345 926 538 968 inuentio‚
571 924 685 969 certi,
717 923 783 962 nifi
811 925 924 962 meris
948 924 1172 963 coniecturis
1197 931 1236 963 et
1256 925 1505 976 opinionibus
1528 926 1598 965 niti
1621 926 1712 965 veli-

259 996 365 1027 mus,
396 982 491 1020 nihil
516 981 586 1020 hac
611 982 660 1018 de
686 993 735 1019 re,
753 981 913 1030 proferri
940 979 1042 1030 posse
1069 983 1238 1020 exstimo.
1311 981 1421 1021 Hanc
1447 990 1564 1021 artem
1594 984 1640 1021 ab
1663 985 1708 1022 iis

258 1052 346 1079 cum
372 1038 525 1078 Graecis
549 1036 655 1077 fuiffe
684 1038 1027 1082 communicatam,
1058 1049 1145 1077 cum
1170 1040 1210 1076 in
1236 1038 1311 1089 ipsa
1333 1036 1508 1083 Graecia,
1541 1046 1579 1079 et
1602 1051 1708 1092 prae-

258 1098 384 1136 sertim
414 1097 453 1135 in
480 1095 611 1134 insulis
642 1096 850 1145 antiquitus
877 1091 983 1133 fuisse
1013 1092 1249 1135 Phoenicum
1280 1095 1473 1142 colonias,
1514 1108 1708 1149 nauesque

258 1152 481 1193 Phoenicias
506 1149 706 1202 saepissime
728 1151 775 1190 ad
796 1150 993 1190 Graeciam
1018 1151 1208 1202 appulsas.
1235 1152 1379 1203 diuque
1407 1154 1461 1192 ibi
1485 1154 1555 1193 effe
1584 1167 1708 1194 mora·

258 1218 314 1251 tas
333 1209 403 1262 p),
442 1219 667 1259 moremque
690 1214 860 1247 veterum
883 1209 1069 1248 nauticam
1096 1210 1291 1260 agentium
1319 1210 1495 1250 homines
1526 1212 1709 1263 rapiendi,

259 1270 301 1308 in
326 1268 486 1317 aliisque
514 1268 620 1304 terris
647 1265 855 1309 vendendi,
894 1266 1111 1314 perpendo,
1145 1265 1275 1304 nullus
1308 1267 1455 1305 dubito.
1527 1266 1582 1307 Ita
1607 1271 1708 1319 apud

260 1324 475 1366 Homerum
495 1322 543 1362 de
563 1322 702 1361 femina
718 1321 884 1367 Sidonia,
923 1329 1041 1361 artem
1057 1323 1258 1362 textoriam
1279 1323 1462 1370 callente,
1503 1334 1618 1376 quam
1635 1324 1707 1366 Ta-

261 1382 343 1435 phii
364 1386 585 1432 rapuerant,
618 1386 656 1418 et
677 1380 716 1417 in
741 1377 862 1417 insula
884 1378 989 1430 Syria
1012 1379 1278 1426 vendiderant,
1309 1380 1474 1431 legimus
1491 1380 1547 1433 q).
1607 1383 1709 1425 Paris

262 1450 420 1491 quoque
436 1436 658 1477 Phoenicias
675 1435 799 1475 secum
823 1436 984 1475 duxerat
1007 1437 1176 1486 feminas,
1204 1449 1302 1488 quae
1318 1446 1447 1478 texere
1469 1440 1635 1481 sciebant
1654 1441 1707 1494 r).

262 1497 409 1546 Quanti
425 1493 716 1535 Phoeniciarum
734 1493 962 1534 feminarum
987 1504 1101 1545 opera
1125 1505 1214 1545 prae
1238 1494 1320 1535 aliis
1347 1496 1489 1537 fuerint
1509 1500 1709 1547 aestimata,

259 1556 352 1594 inde
379 1554 524 1604 optime
548 1552 794 1601 intelligitur,
828 1552 954 1601 quod,
986 1563 1074 1590 cum
1099 1551 1257 1591 Hecuba
1280 1551 1480 1594 Mineruae
1505 1556 1710 1606 placandae

260 1610 367 1653 causa
382 1608 542 1662 peplum
562 1614 730 1653 voueret‚
757 1607 796 1646 id
814 1608 990 1658 eligebat,
1010 1608 1116 1659 quod
1134 1621 1153 1648 a
1174 1607 1386 1650 Phoeniciis
1406 1612 1556 1653 feminis
1572 1614 1709 1656 factum

261 1677 340 1709 erat
356 1671 403 1714 s).
466 1665 658 1706 Homerus
684 1675 842 1716 quoque
870 1676 938 1710 eo,
968 1677 1049 1716 quo
1073 1667 1120 1705 de
1142 1668 1267 1717 peplis
1288 1667 1376 1713 illis,
1406 1676 1583 1721 tanquam
1603 1673 1710 1713 Sido-

259 1728 409 1783 niarum
432 1723 658 1763 feminarum
684 1723 885 1773 operibus,
915 1722 1106 1776 loquitur,
1135 1724 1274 1772 modo,
1300 1727 1465 1778 pretium
1490 1741 1624 1770 eorum
1645 1742 1708 1772 au-

259 1796 349 1836 gere
380 1779 535 1823 voluiffe
563 1781 722 1821 videtur.
1335 1783 1337 1785 '

299 1919 343 2006 Β
361 1915 498 1994 1131ιεῖιῖἴῖ
508 1913 837 2003 ἕζοξὲιίἴίέἷῃῆοωω
852 1964 971 1989 annum
988 1956 1031 1990 ad
1048 1955 1179 1990 insulam
1193 1957 1320 2001 Syriam
1334 1959 1472 1996 manfisse
1485 1963 1568 2006 apud
1590 1964 1712 1999 Home-

379 2012 450 2035 rum
466 2000 611 2034 videmus
637 1999 865 2041 Od.XV‚454.
1056 2043 1064 2050 ι
1089 2043 1096 2051 ·

309 2046 347 2140 ἓ)
365 2042 759 2129 11:11311111.ssdv{}{s§94}gq7
931 2040 969 2085 r)
994 2042 1040 2076 Id.
1054 2043 1129 2076 1b1d.
1153 2045 1252 2085 v.426
1267 2045 1330 2088 sqq.
