1959 2701
850 178 1143 216 ==Q=÷
1666 186 1690 220 2
1699 186 1721 231 3

262 270 441 330 Aegypto
473 279 520 319 ab
546 272 833 318 Athenienfibus
860 282 948 315 ante
976 275 1166 315 diluuium
1193 274 1499 316 Deucalioneuin
1521 277 1716 319 conditam

260 334 335 374 else
359 336 473 376 refert
491 335 543 384 n).
613 334 671 372 Ex
695 333 771 372 hoc
796 334 886 373 loco
909 334 1071 383 probate
1095 334 1265 378 student,
1293 334 1435 373 litteras
1464 347 1513 373 ex
1537 335 1715 386 Aegypto

264 393 313 446 in
331 392 528 433 Graeciam
547 390 726 442 migrasse.
788 390 838 431 At
861 403 943 431 non
967 391 1204 440 cogitarunt,
1230 390 1495 431 locum-inum
1521 394 1585 437 iis.
1615 391 1713 444 quae

260 450 309 489 de
326 450 483 490 Graecia
500 460 549 488 ex
564 451 718 500 antiqua
733 442 1124 494 memoria'nouimus,
1153 448 1304 498 prorsus
1321 449 1589 495 contradicere,
1620 462 1714 490 con-

258 509 493 557 trariumque
512 505 583 546 effe
601 518 753 554 verum;
783 519 831 546 ex
850 506 911 547 Sai
933 506 1117 557 Aegyptia
1136 504 1278 545 scilicet
1292 512 1379 545 ante
1398 506 1587 547 diluuium
1604 509 1713 548 colo-

258 566 363 604 niam
390 562 527 603 veniss'e
558 566 599 603 in
630 564 811 609 Atticam.
862 563 1138 608 nimirumvsub
1171 561 1355 615 Cecrope.
1423 563 1568 603 Nonne
1595 567 1711 615 igitur

257 619 450 672 Cecrops,
488 633 577 660 cum
602 627 689 660 ante
714 621 903 659 diluuium
941 622 983 659 in
1005 619 1201 660 Graeciam
1232 619 1388 666 veniss'e,
1426 628 1541 673 atque
1568 621 1710 661 litterae

259 678 386 717 secum
412 677 555 717 duxiffe
589 677 756 724 dicatur,
787 676 966 728 Pelasgos
989 690 1050 716 eas
1077 677 1276 719 docuerit?
1312 698 1370 707 -
1430 677 1599 729 Cecrops
1630 678 1709 730 ipse

256 734 405 775 fortasse
443 736 585 775 litteras
620 736 794 775 nondum
828 737 959 779 nouit.
1008 747 1096 773 cum
1123 736 1164 773 in
1194 734 1369 786 Aegypto
1404 742 1498 775 tunc
1524 738 1708 788 temporit

254 793 383 833 adhuc
410 793 526 833 effent
550 795 726 843 ignotae,
768 800 807 832 et
832 792 937 844 figna
962 792 1086 831 solum
1110 792 1398 843 hieroglyphica
1426 793 1704 844 vsurparentur.

256 850 501 891 Athenienses
518 863 622 895 vero.
655 852 722 902 qui
735 850 877 890 litteras
895 849 931 889 se
952 862 973 890 a
989 848 1161 901 Cecrope
1179 848 1343 890 didicisse
1361 849 1599 902 profitentur,
1630 852 1707 891 stu-

256 908 325 947 dio
345 909 503 959 gloriae,
538 908 791 948 aemulatione
809 907 934 947 forsan
954 919 1042 958 erga
1054 907 1260 948 Thebanos
1278 915 1381 953 nato,
1413 909 1561 959 abrepti
1578 909 1616 947 id
1636 908 1708 947 fin-

257 964 350 1004 xiffe
373 966 524 1005 dicendi
545 966 648 1013 sunt3
678 966 786 1015 quod
808 967 882 1004 iam
902 964 1115 1016 Stephanus
1139 964 1318 1012 Morinus
1342 966 1495 1016 monuit
1514 969 1566 1012 o).
1629 966 1706 1006 Alii

254 1024 410 1072 grauius
443 1035 514 1073 pro
537 1023 766 1073 Aegyptiaca
792 1023 1003 1061 litterarum
1035 1023 1185 1072 origine
1213 1030 1481 1072 argumentum
1507 1020 1705 1074 protuliffe

254 1079 517 1129 crediderunt,
556 1080 584 1119 fi
610 1079 815 1124 Cadmum,
850 1091 964 1131 quem
990 1091 1124 1119 omnes
1150 1079 1228 1118 fere
1251 1080 1461 1119 litterarum
1483 1081 1524 1119 in
1545 1079 1705 1120 Graecia

253 1136 444 1176 auditorem
473 1137 692 1188 perhibent,
721 1137 950 1188 Aegyptium
976 1135 1082 1175 fuiffe
1103 1137 1283 1175 dicerent.
1352 1136 1463 1176 Hanc
1481 1137 1704 1177 sententiam

254 1193 491 1234 Marihanms
517 1193 748 1245 potissimum
775 1202 813 1233 et
835 1193 1042 1234 Kircherus
1069 1194 1323 1233 defenderunt
1342 1196 1407 1244 p),
1446 1196 1705 1236 recentiorum

255 1251 498 1302 quorundam
521 1250 754 1289 Graecorum
782 1251 997 1290 testimonio
1022 1251 1122 1294 nixi,
1156 1262 1188 1289 v.
1209 1261 1240 1288 c.
1265 1249 1455 1296 Diodori,
1483 1250 1704 1300 Pausaniae;

252 1309 323 1359 qui
342 1315 465 1348 tamen
483 1307 559 1358 ipse
574 1308 801 1358 opinionem
819 1307 958 1345 refellit
973 1305 1027 1357 q).
1089 1305 1169 1345 Tot
1186 1314 1311 1345 autem
1329 1314 1519 1353 veterum,
1550 1321 1705 1349 eorum-

254 1372 331 1416 que
350 1364 893 1416 grauiffimorumscriptorum
911 1364 998 1403 sunt
1015 1362 1244 1407 testimonia,
1278 1362 1465 1404 Cadmum
1490 1364 1561 1406 ess‘e
1578 1365 1704 1406 Phoe.

252 1424 399 1469 uicem,
429 1421 728 1473 Phoeniciasque
750 1423 791 1461 in
808 1421 1006 1461 Graeciam
1024 1419 1186 1462 intuliffe
1205 1421 1366 1468 litteras,
1394 1429 1434 1461 vt
1450 1422 1612 1464 aliorum
1635 1436 1704 1464 au.

251 1479 464 1520 &critatem
495 1480 561 1518 vix
586 1481 631 1518 iis
658 1491 891 1529 praeponere
917 1478 1040 1518 liceat.
1134 1477 1249 1519 Aliud
1275 1480 1532 1519 testimonium
1560 1481 1704 1522 litterae

252 1535 418 1575 Graecas
438 1535 640 1586 Aegyptias
663 1536 916 1586 pronuntians
940 1535 1041 1585 apud
1055 1533 1297 1575 Plutarchum
1318 1536 1434 1575 exstat
1450 1534 1503 1586 r).
1564 1536 1705 1578 Phido-

249 1592 334 1632 laus
357 1592 458 1643 apud
483 1604 570 1630 eum
595 1593 741 1641 quaerit
765 1604 815 1629 ex
831 1592 1005 1634 Simmia,
1032 1592 1205 1640 quitunc
1222 1594 1404 1641 temporis
1421 1593 1523 1643 apud
1541 1592 1701 1634 Chonu-

251 1649 361 1701 phim
379 1650 419 1687 in
437 1647 612 1699 Aegypto
631 1647 769 1692 fuerat,
798 1659 847 1686 an
864 1647 911 1686 de
930 1647 1064 1686 litteris
1083 1647 1253 1691 tabulae.
1284 1660 1332 1687 ex
1352 1648 1554 1689 Alcmenae
1577 1651 1702 1702 sepul..

251 1719 340 1752 cro,
375 1705 545 1757 Agefilao
580 1705 756 1751 iubente,
790 1705 920 1744 diruto
952 1702 1119 1750 effoffae,
1154 1716 1248 1755 quas
1278 1705 1489 1746 sacerdotes
1521 1707 1700 1759 Aegyptii

251 1762 475 1804 intellexiffe
492 1763 728 1808 dicerentur,
756 1769 903 1802 certum
919 1762 1063 1813 aliquid
1080 1763 1248 1813 proferre
1266 1763 1400 1813 poffit?
1460 1765 1630 1804 Simmias
1647 1773 1702 1805 ta-

252 1820 383 1861 bulam
407 1820 514 1859 illam
538 1818 682 1859 nouill'e
704 1826 837 1871 negat;
867 1820 1008 1859 litteras
1033 1831 1125 1859 vero
1150 1819 1288 1859 multas
1314 1822 1360 1860 ab
1384 1820 1554 1872 Agelilao
1575 1822 1701 1863 Mem-

251 1878 359 1930 phim
374 1878 421 1917 ad
434 1876 682 1928 Chonuphim
698 1876 941 1922 sacerdotem,
968 1889 1060 1928 quas
1079 1877 1309 1928 explicaret,
1338 1878 1409 1919 effe
1427 1879 1565 1926 missas,
1596 1893 1723 1932 eum--

253 1947 348 1988 que,
378 1935 579 1986 postquam
602 1934 730 1975 triduo
749 1946 810 1975 eas
827 1933 1085 1980 examinasset,
1115 1934 1249 1975 litteris
1271 1935 1346 1973 illis
1370 1942 1561 1975 certamen
1581 1937 1701 1977 Mulie

1474 1993 1698 2036 habendum

283 2046 331 2087 τι)
353 2045 489 2078 Diodor.
503 2045 544 2079 V.
557 2056 628 2084 2²7·

292 2091 329 2130 ο)
350 2088 499 2130 stephan.
513 2089 631 2122 Morin.
648 2088 688 2120 de
704 2088 815 2130 lingua
834 2090 997 2131 primaeua
1018 2100 1049 2131 p.
1062 2092 1118 2121 181
1136 2093 1169 2121 et
1185 2092 1255 2122 182.

288 2134 331 2173 p)
353 2131 524 2181 M-arsham.
541 2132 665 2165 Canon.
684 2131 796 2163 chron.
821 2132 899 2165 saec.
907 2133 963 2166 IX.
1007 2133 1148 2167 Kirchcr.
1164 2133 1332 2164 Prodrom.
1349 2131 1490 2174 Aegypt.
1514 2142 1541 2179 c.
1556 2143 1583 2166 r.

292 2177 331 2259 ΞΒ
351 2173 865 2258 1¹?1h‘2255f2.¹2‚8‘g¹21312·s22¹223{i;¹,·
879 2177 1145 2259 ξῗῖῗξῗρζὲἶὲ.
1166 2220 1200 2250 et
1218 2216 1338 2257 ma.

962 2277 1002 2318 D
