1959 2701
281 188 340 237 30
862 184 1160 220 ἔπηξε

282 284 457 323 omnium
474 278 512 320 id
529 280 725 321 bonorum
743 279 897 321 suorum
916 281 1230 334 pulcherrimum,
1249 287 1287 322 et
1303 277 1747 334 pretioliffimum,opus-'

280 351 358 392 que
376 339 537 381 Vulcani
560 346 672 380 vocat
690 336 745 390 h).
806 338 895 380 Hoc
912 351 960 381 ex
981 339 1070 379 loco
1089 337 1327 381 Phoenicum
1347 342 1386 381 in
1407 336 1644 382 elaborandis
1663 343 1745 379 me-

278 398 381 437 tallis
407 398 627 448 praestantia
653 397 848 438 clariffime
875 398 1113 450 perspicitur,
1148 397 1224 438 hoc
1249 399 1350 437 enin)
1368 398 1616 440 Phoenicium
1642 398 1744 448 opus'

280 453 457 498 Graecis,
496 453 523 493 fi
553 454 673 496 modo
699 461 793 496 tunc
823 456 1005 506 temporis
1034 454 1196 499 suerint,
1237 465 1335 506 quae
1359 454 1558 497 Menelaus
1583 454 1744 509 poffide-

278 519 358 558 ret,
392 514 660 564 anteponitur,
699 520 855 566 tamque
884 513 1021 553 affabre
1051 512 1188 554 factum
1217 513 1289 558 est,
1321 519 1362 554 vt
1389 522 1587 567 propterea
1606 526 1626 554 a
1645 511 1743 552 Vul-

281 582 390 610 cano*
411 570 627 611 confestum
653 569 809 610 dicatur.
869 570 964 611 Inde
989 581 1168 620 quoque.
1200 571 1308 620 quod
1335 573 1486 611 crateris
1507 572 1609 612 labra
1636 572 1743 609 inau-

281 635 360 667 rata
378 633 495 668 erant.
523 625 759 666 Phoenicum
784 628 822 667 in
849 627 1046 667 tractandis
1068 627 1228 668 metallis
1257 628 1385 667 elucet
1409 629 1551 679 peritia.
1614 625 1742 667 Alium

281 692 465 724 craterem
489 689 733 733 argenteum,
765 685 835 734 qui
849 683 1014 726 Patrocli
1035 684 1168 729 fuerat.
1200 685 1303 735 apud
1322 687 1506 724 Homerum
1523 685 1741 725 inuenimus

281 748 626 781 commemoratum
643 743 687 788 i).
750 741 824 781 Sex
841 748 958 781 metra
976 741 1042 782 ille
1061 741 1195 792 cepisse
1215 742 1365 788 dicitur,
1397 742 1640 793 multumque
1659 741 1747 791 pul-

281 798 499 840 chritudine
526 810 661 839 omnes
688 811 756 851 per
782 806 900 840 totam
926 806 1064 840 terram
1085 798 1219 839 vicisse.
1282 799 1430 841 Sidonii
1448 797 1741 851 ingenioiiffimi.

280 857 471 908 valdeque
496 855 693 898 arteficiofi
716 857 856 897 affabre
880 870 969 899 eum
991 856 1133 902 feciffe,
1168 856 1468 908 Phoenicesque,
1500 869 1587 896 cum
1612 856 1742 896 multis

282 914 323 953 in
344 915 533 965 portubus
552 926 640 954 eum
657 914 910 966 exposuissent
927 914 1119 957 venalem.
1144 913 1314 954 Thoanti
1329 914 1435 954 dono
1453 913 1591 953 dediss'e
1606 914 1741 953 dicun-

281 977 355 1011 tur.
416 970 507 1011 Hoc
530 972 569 1009 in
597 971 687 1010 loco
711 972 758 1012 de
783 980 924 1012 cratere
947 970 1205 1022 pretiofiffimo
1225 973 1307 1020 agi,
1340 979 1570 1021 poetamque
1590 967 1741 1014 caussas.

281 1039 350 1068 cur
374 1028 469 1066 tanti
489 1027 725 1074 habitusfit,
757 1027 984 1070 adiunxisse.
1015 1039 1132 1068 nemo
1149 1028 1220 1069 ibit
1235 1027 1383 1069 infitias.
1444 1027 1640 1072 Primum,v
1661 1037 1743 1077 quo

280 1086 446 1138 pretium
472 1086 553 1127 eius
579 1085 809 1130 declaratur,
836 1086 913 1127 hoc
939 1086 1010 1129 est,
1040 1085 1148 1136 quod
1174 1092 1293 1125 crater
1316 1092 1394 1126 tam
1418 1097 1581 1136 magnus
1605 1085 1676 1130 est,
1703 1090 1745 1123 vt

242 1164 244 1166 ·
280 1142 341 1184 sex
361 1149 479 1185 metra
496 1144 632 1196 capiat,
656 1143 877 1189 secundum,
906 1143 1012 1196 quod
1028 1151 1048 1181 a
1066 1143 1233 1184 Sidoniis
1252 1143 1370 1184 faetus
1388 1144 1460 1186 est,
1491 1144 1519 1183 ii
1536 1144 1638 1181 enim
1655 1142 1743 1180 sunt

282 1200 567 1242 artificioliffimi
583 1197 880 1246 (πολυδαιδαλοι
892 1203 930 1248 );
960 1207 1073 1253 atque
1091 1212 1172 1241 non
1190 1201 1432 1251 negligenter
1446 1199 1564 1241 satius
1586 1199 1649 1243 est.
1678 1198 1742 1238 sed

281 1257 506 1305 diligenter,
537 1257 635 1293 bene
656 1257 712 1299 (w
726 1257 918 1303 mxnewk
947 1259 1119 1298 tertium,
1145 1258 1237 1296 licet
1259 1256 1389 1297 multis
1412 1257 1452 1296 in
1472 1257 1661 1307 portubus
1680 1268 1743 1294 ve-

280 1313 376 1352 nalis
400 1312 443 1353 fit
465 1311 678 1364 expolitus,
707 1323 787 1350 non
812 1319 935 1351 emtus
958 1313 1032 1359 est;
1059 1313 1259 1364 quomodo
1280 1313 1357 1353 hoc
1375 1314 1527 1353 crateris
1546 1313 1650 1353 laudi
1670 1311 1742 1352 esse

279 1369 400 1422 pollit,
420 1372 488 1423 qui
506 1370 767 1411 antecedentia
784 1369 866 1409 satis
887 1370 1152 1422 perpenderit,
1182 1371 1290 1410 facile
1309 1370 1510 1421 intelliget,
1527 1371 1621 1422 quid
1637 1373 1742 1410 enim

279 1428 383 1468 aliud
401 1427 477 1470 hoc
496 1427 585 1469 loco
604 1426 810 1477 significare
830 1428 963 1478 potest,
996 1427 1064 1467 nili
1082 1428 1178 1472 hoc,
1208 1429 1372 1478 pretium
1398 1434 1546 1469 tantum
1569 1435 1667 1474 erat,
1687 1434 1744 1472 vt

281 1497 362 1527 non
385 1486 513 1538 quiuis
537 1485 648 1527 facile
671 1485 711 1527 id
736 1485 951 1536 persoluere
968 1483 1097 1536 posset.
1159 1485 1325 1527 Monilia
1348 1498 1505 1538 quoque
1528 1498 1644 1526 aureo
1664 1485 1743 1525 ele-

281 1543 361 1582 ἐίῐο
392 1548 478 1593 apta
504 1542 757 1582 confecerunt
783 1541 1013 1586 Phoenices,
1045 1541 1278 1591 Graecisque
1306 1543 1655 1589 venumdederunt;
1689 1544 1741 1580 ita

279 1599 509 1642 Phoenicius
532 1598 713 1649 quidam,
737 1597 863 1639 seruae
885 1599 1000 1651 patris
1020 1596 1176 1641 Eumaei
1197 1597 1414 1640 Phoenissae
1434 1598 1584 1650 iignum
1606 1599 1741 1638 disces-

279 1657 339 1700 sus
364 1657 540 1700 daturus.
567 1655 757 1697 eiusmodi
781 1656 928 1696 monile
946 1655 1110 1701 habebat
1136 1667 1277 1695 venum
1292 1656 1351 1705 k);
1382 1654 1613 1697 celebratum
1641 1668 1739 1706 quo-

281 1726 357 1765 que
382 1714 480 1755 illud
495 1714 672 1759 monile,
708 1725 779 1764 pro
799 1725 879 1765 quo
900 1711 1081 1763 Eriphyle
1103 1711 1329 1763 Amphiarao
1353 1715 1510 1758 marito,
1540 1720 1582 1753 vt
1604 1720 1738 1753 contra

279 1771 433 1813 Thebas
463 1778 670 1824 pugnaret,
702 1771 792 1811 licet
820 1783 908 1812 eum
934 1770 989 1809 ibi
1013 1770 1255 1809 interiturum
1279 1770 1406 1817 sciret,
1439 1771 1613 1823 persuasit
1629 1771 1683 1820 l),
1710 1770 1738 1810 fi

281 1829 524 1880 Apollodoro
553 1829 666 1867 fidem
692 1828 895 1873 habemus,
924 1826 1175 1868 Phoenicium
1201 1836 1281 1866 erat
1303 1839 1412 1878 opus.
1450 1827 1617 1872 Cadmus
1635 1830 1738 1868 enim

278 1888 375 1926 illud
399 1886 630 1927 Harmoniae
650 1885 805 1926 dederat
819 1883 897 1934 m);
924 1884 1049 1936 postea
1070 1882 1272 1935 Polynices
1289 1896 1336 1925 eo
1353 1884 1561 1926 hereditate
1579 1894 1738 1937 accepto

279 1942 489 1995 Eriphylen
517 1944 689 1995 corrupit
711 1941 768 1994 n).
815 1943 965 1997 >Multo
994 1943 1067 1983 iam
1087 1948 1173 1995 ante
1200 1942 1344 1983 bellum
1360 1942 1572 1984 Troianum
1595 1944 1738 1985 litteras

280 2002 484 2043 tratiarunt
503 2001 733 2045 Phoenices.
765 1999 934 2042 Cadmus
955 2001 1078 2046 enim,
1111 2012 1198 2040 cum
1220 2000 1267 2039 ad
1291 2000 1451 2041 insulam
1468 2001 1651 2042 Rhodum
1673 2011 1739 2052 ap-

279 2059 442 2112 puliffet,
469 2071 630 2101 aeneum
650 2059 838 2106 lebetem.
865 2058 1002 2099 litteris
1017 2057 1230 2099 Phoeniciis
1248 2058 1488 2112 inscriptum,
1515 2072 1632 2112 quem
1648 2061 1739 2106 Dio·

1635 2118 1739 2159 dorus

319 2170 359 2211 h)
381 2172 425 2205 td.
440 2171 482 2205 ib.
500 2170 574 2208 XV,
590 2181 644 2209 113
663 2170 725 2212 sqq.

318 2215 351 2255 i)
375 2214 471 2247 Hom.
489 2214 523 2249 Il.
542 2214 660 2251 XXlII,
671 2224 730 2253 741
746 2213 809 2257 sqq.

317 2257 354 2299 k)
376 2258 475 2290 Hom.
496 2258 556 2290 Od.
571 2257 729 2297 XV‚459.
905 2255 933 2300 l)
955 2254 1000 2288 Id.
1018 2254 1092 2286 ibid.
1120 2254 1262 2295 x1‚326.

315 2302 364 2344 m)
388 2301 545 2343 Apollod.
561 2301 618 2339 ΙΙΙ,
628 2310 658 2340 4.
682 2300 717 2343 §-
732 2311 758 2333 z.
934 2301 972 2343 n)
993 2298 1038 2333 Id.
1062 2298 1156 2340 111,6.
1180 2299 1215 2342 ὃ.
1229 2309 1257 2331 a.
