1959 2701
230 208 286 257 14
784 199 1108 235 ,ιε-ἰΰκὲ-ε

226 306 279 346 cit
296 300 355 355 x).
416 297 517 341 Cum
543 298 668 351 capite
691 296 872 340 Medusae
900 309 999 349 quae
1024 296 1118 337 faaa
1145 297 1306 340 ediderit
1329 298 1500 347 Perseus.
1536 302 1687 344 Mine-1¹⁴

227 372 389 414 vamque
411 360 451 400 id
472 359 600 413 postea
620 356 816 411 accepisse.
847 356 925 398 huc
946 368 1027 398 non
1049 356 1216 410 pertinet
1237 359 1386 399 referre.

741 468 774 522 §.
809 482 845 518 9.
908 465 978 513 De
1011 464 1174 523 Pegasi).

344 542 500 596 Pegasus
518 555 639 594 equus
659 541 779 582 alatus
797 548 893 580 terra
912 538 1036 579 relicta
1052 540 1288 582 immortales
1305 542 1403 589 adit.
1434 544 1473 583 in
1491 539 1596 584 Iouis
1618 543 1688 584 do-'

225 614 293 642 mo
319 601 485 646 habitat,
517 602 675 649 eiusque
706 600 852 638 tonitru
876 604 915 637 et
937 597 1074 649 fulgur>
1093 598 1167 638 fert
1187 603 1246 654 y).
1322 599 1581 654 Bellerophon
1607 604 1687 642 eius

227 673 303 712 ope
325 660 562 701 Chimaeram
592 656 734 698 occidit
755 653 813 709 z).

710 769 748 815 5.
784 778 845 806 10.
878 762 949 810 De
980 727 1209 824 Chrysaore.

350 840 545 896 Chrysaor,
577 840 628 878 ita
652 838 788 881 ἀίἐῑιιε,
817 839 907 889 quia
932 839 1058 877 ensem
1082 851 1239 878 aureum
1263 852 1378 883 manu
1405 848 1539 880 tenens
1565 842 1690 881 nasce-

228 899 362 946 batur,
395 912 444 939 ex
475 897 644 940 Callirhoe
671 889 820 941 Oceani
845 896 921 937 filia
950 897 1141 952 Geryonem
1168 898 1372 949 tricipitem
1397 900 1537 950 *genuit
1566 903 1618 947 a)
1651 905 1689 940 et

231 958 425 998 Echidnam
444 956 497 1005 b).

348 1015 465 1054 Nunc
485 1016 669 1056 rationes.
697 1024 768 1051 cur
791 1011 943 1062 mythos
965 1012 1052 1051 istos
1069 1012 1228 1063 originis
1246 1011 1493 1058 Phoeniciae,
1520 1014 1646 1054 saltem
1667 1026 1688 1053 a

230 1072 486 1112 Phoenicibus
514 1074 555 1110 in
581 1070 778 1110 Graeciam
809 1069 935 1107 illatos
963 1070 1118 1118 putem,
1147 1070 1247 1110 haud
1268 1070 1423 1120 quidem
1450 1072 1520 1116 ita,
1550 1073 1603 1110 vti
1623 1084 1689 1111 eos

232 1142 336 1170 nunc
352 1130 535 1172 habemus
552 1136 750 1179 poetarum
768 1125 957 1176 figmentis
978 1127 1223 1177 inquinatos„
1237 1126 1371 1166 afferre
1391 1127 1511 1166 liceat.
1573 1127 1689 1174 Loca.

234 1189 273 1227 in
302 1189 442 1238 quibus
467 1186 642 1240 personas
667 1183 752 1223 illas
778 1191 922 1223 veteres
949 1183 1088 1234 degisse
1115 1192 1287 1229 narrant.
1315 1192 1438 1235 partes
1461 1186 1546 1225 sunt
1568 1194 1691 1226 extre-

235 1244 491 1284 mae·Africa'e
518 1250 556 1282 et
579 1241 751 1292 Europae
781 1241 904 1280 versus
930 1242 1191 1287 occidentem,
1225 1250 1263 1281 et
1284 1243 1426 1282 insulae
1447 1244 1487 1281 in
1513 1246 1605 1283 mari
1628 1244 1692 1284 At-

231 1303 374 1341 lantico
394 1301 488 1339 sitae.
552 1299 745 1348 Regiones
771 1298 857 1335 istae
889 1304 970 1335 tum
992 1300 1041 1335 viis
1069 1300 1317 1348 temporibus,
1346 1301 1486 1349 quibus
1511 1302 1690 1351 personae

231 1360 319 1398 illae
343 1357 474 1397 vixisse
495 1357 695 1400 dicuntur,
726 1363 807 1393 tum
832 1356 899 1398 iis,
933 1356 1073 1405 quibus
1100 1355 1297 1406 scriptores
1323 1357 1565 1407 antiquissimi
1585 1372 1692 1399 men·

232 1418 378 1456 tionem
396 1427 526 1454 earum
548 1414 737 1457 facientes,
756 1424 789 1450 v.
804 1424 834 1450 c.
857 1411 1048 1452 Homerus
1067 1420 1105 1450 et
1121 1412 1305 1453 Hesiodus
1321 1415 1546 1458 floruerunt.
1574 1417 1693 1456 Grae.

234 1477 287 1514 cis
314 1474 380 1512 nisl
404 1472 555 1523 prorsus
582 1473 756 1522 ignotae,
783 1470 911 1508 saltem
935 1481 1015 1508 non
1033 1477 1139 1509 erant
1157 1471 1288 1511 aditae.
1350 1471 1553 1524 Quidquid
1575 1475 1693 1525 igitur

227 1532 283 1570 'de
302 1531 524 1581 regionibus
544 1529 632 1573 istis,
662 1535 729 1566 aut
744 1528 858 1566 rebus
876 1528 929 1564 ibi
946 1527 1047 1565 fadis
1065 1536 1270 1573 nouerant,
1302 1530 1349 1567 ab
1368 1530 1466 1572 aliis.
1493 1530 1694 1572 Phoenici-

235 1591 305 1628 bus
326 1589 522 1630 nimirum‚
554 1586 620 1636 qui
639 1585 707 1623 soli
726 1592 819 1622 tunc
834 1584 1015 1633 temporis
1034 1590 1147 1622 terras
1165 1592 1246 1626 tum
1265 1586 1361 1630 illas,
1394 1594 1475 1624 turn
1492 1586 1692 1628 Graeciam

233 1652 464 1686 mercaturae
483 1642 588 1683 causa
607 1641 765 1684 adirent,
786 1640 1005 1678 tesciuerint
1025 1640 1166 1679 necesse
1183 1643 1242 1680 est.
1279 1643 1353 1681 Sed
1373 1643 1397 1681 fi
1414 1643 1506 1683 haec
1524 1646 1573 1684 ita
1593 1646 1690 1692 sunt,

233 1703 355 1755 mythi
375 1703 431 1740 isti
455 1700 651 1740 Phoenicii
674 1698 863 1737 nominari
886 1697 982 1736 reite
1002 1705 1229 1748 queunt.—
1268 1699 1367 1747 Quis
1384 1712 1475 1739 vero
1492 1713 1570 1740 non
1589 1704 1694 1743 videt

235 1761 423 1812 quosdam
441 1759 597 1798 illorum
617 1756 849 1807 mythorum‚
880 1766 914 1793 v.
934 1766 965 1794 ε.
990 1754 1037 1794 de
1056 1757 1328 1796 mutationibus
1347 1758 1386 1796 in
1405 1757 1549 1809 lapides
1565 1760 1694 1812 adspe.

236 1820 297 1857 ctu
314 1817 547 1866 Gorgonum
567 1815 680 1859 factis,
706 1814 772 1864 ipsi
799 1813 978 1851 iocorum
1004 1819 1158 1851 naturae
1178 1814 1327 1858 deberi,
1360 1815 1547 1865 phantasia
1573 1819 1693 1869 adspi-

237 1876 420 1914 cientium
451 1873 520 1912 esse
543 1880 669 1917 ortos,
702 1878 739 1910 et
759 1871 932 1910 sermone
951 1868 1206 1910 Orientalium
1234 1870 1363 1922 figuris
1386 1873 1602 1914 abundante
1623 1875 1694 1915 effe

238 1933 435 1977 excultos,
468 1931 563 1969 aiios
586 1941 697 1975 vero,
730 1938 857 1969 vtrum
884 1939 903 1966 a
928 1926 1203 1972 Phoenicibus,
1234 1941 1281 1967 an
1307 1942 1327 1968 a
1352 1929 1525 1978 Graecis,
1554 1934 1692 1979 neseio,

239 1990 309 2031 effe
331 1990 457 2036 imos,
492 1997 576 2033 aut,
607 1987 630 2026 fi
655 1989 794 2031 mauis,
824 1984 990 2034 diuersos
1016 1984 1087 2023 effe
1110 1986 1352 2031 coniunfios,
1385 1988 1445 2026 vel
1475 1991 1694 2039 vtbillorum

241 2047 645 2089 ortumiilustrarent,
676 2045 736 2084 vel
760 2056 847 2083 cum
871 2042 1061 2093 systemate
1087 2043 1358 2094 cosmogonieo
1382 2049 1544 2097 congrui
1563 2049 1711 2089 redde-

242 2111 385 2145 rentur.
447 2102 510 2144 De
534 2102 676 2153 mythis
698 2103 744 2141 ad
768 2112 892 2152 genus
912 2097 1141 2139 Phorcidum
1158 2103 1436 2151 pertinentibus
1454 2106 1505 2144 ita
1524 2106 1698 2157 loquitur

1615 2162 1697 2202 Cel.

288 2243 332 2282 x)
354 2241 448 2273 Ouid.
467 2240 487 2272 l.
499 2240 520 2272 1.
541 2252 569 2271 v.
583 2243 656 2278 785.
888 2238 929 2277 y)
950 2232 1224 2280 Hefi0‹³.‘Theog.
1244 2249 1274 2271 v,
1287 2242 1448 2280 282.284-
1461 2242 1531 2273 286.

288 2288 328 2325 z)
352 2285 397 2316 ld.
420 2284 493 2314 ibid.
515 2293 627 2321 v.32;.
803 2282 841 2323 a)
862 2280 908 2313 Id.
923 2279 996 2311 ibid.
1018 2283 1282 2321 v·28¹·²84-287
1301 2288 1333 2314 et
1351 2286 1421 2315 288.

289 2328 326 2364 b)
346 2328 392 2359 Id.
406 2325 479 2357 ibid.
498 2336 526 2355 v.
541 2335 611 2365 297·
808 2326 811 2328 ’
