1959 2701
229 210 287 248 22
811 199 1106 239 &westses-

603 321 665 380 11.
744 322 852 379 DE
901 300 1348 382 LIT'rEms.⁷
1393 299 1396 302 ’

350 426 575 474 Herodotus
600 424 809 465 Phoenices
827 424 1023 465 Boeotiam
1041 425 1253 465 incolentes
1274 426 1361 466 alias
1379 424 1499 467 multas
1519 424 1690 467 doffn'nar

233 487 275 525 in
295 483 496 524 Graeciam
520 482 682 522 intulisse
708 483 819 529 dicit,
847 484 1022 534 interque
1048 494 1108 522 eas
1128 482 1271 523 litteras
1288 482 1342 534 u).
1404 484 1603 533 Quaenam
1619 484 1690 523 do-

234 543 374 582 cinnae
394 542 483 580 illae
506 541 669 586 fuerint,
701 553 782 579 non
807 540 961 580 addidit.
1022 539 1158 580 Strabo
1175 541 1354 582 Sidonios
1383 554 1472 582 cum
1496 542 1688 586 multarum,

236 607 319 640 tum
342 602 548 650 optimarum
570 600 696 637 artium
721 600 895 649 magistros
920 597 1111 647 perhiberi
1137 598 1282 643 scribit,
1308 599 1448 640 adhaec
1470 600 1691 652 astronomiae

235 665 273 700 et
296 656 521 698 arithmeticae
547 656 689 706 peritos
712 653 769 705 x).
839 653 979 706 Neque
1005 654 1069 697 hio
1096 655 1187 695 alias
1216 663 1312 696 artes
1344 658 1536 705 nominat;
1578 657 1691 697 adeo.

236 728 313 766 que
330 714 597 753 astronomiam
614 719 761 752 tantum
782 720 820 752 et
833 713 1106 754 arithmeticam
1126 712 1293 754 Graecos
1311 727 1330 753 a
1345 713 1603 756 Phoenicibus
1621 715 1692 755 du.

235 770 325 812 xiffe
345 771 480 811 scimus
499 770 664 810 creditos
690 769 771 809 esse.
832 768 1041 810 Phoenices
1067 770 1280 821 disciplinas
1294 771 1378 810 illas
1399 770 1558 810 tenuisse
1574 782 1691 814 nemo

238 830 450 874 dubitabit,
482 829 551 879 qui
568 828 833 879 expeditiones
850 839 984 869 eorum
1007 829 1211 868 maritimas
1227 835 1266 869 et
1283 835 1512 869 mercaturae
1531 835 1569 868 et
1585 840 1693 879 prae-

235 888 401 929 dationis
425 886 531 926 causa
560 885 743 936 susceptas
773 886 997 925 meminerit.
1074 885 1248 938 Quantum
1274 898 1364 926 vero
1390 886 1457 937 ipfi
1481 885 1691 936 Phoenices

231 957 287 985 ex
305 947 351 984 iis
371 943 578 993 disciplinis
604 945 815 987 tenuerint,
846 949 912 983 aut
934 949 1123 992 quaenam
1145 955 1272 982 earum
1297 945 1419 995 capita
1438 942 1605 983 Graecos
1626 943 1693 982 do-

236 1004 397 1044 cuerint,
413 1001 610 1040 nescimus.
671 999 747 1037 Eos
764 999 867 1048 signa
882 999 1010 1038 saltem
1028 999 1212 1051 quaedam
1226 1001 1461 1042 arithmetica
1479 1012 1567 1052 cum
1579 999 1695 1040 Grae-

239 1061 292 1099 cis
313 1055 624 1103 communicasse,
655 1057 752 1096 infra
771 1056 993 1096 videbimus.
1052 1055 1255 1104 Quosnam
1272 1054 1489 1110 philosophia
1508 1056 1608 1107 apud
1624 1068 1695 1109 po-

238 1116 375 1168 pulum
399 1115 511 1154 ilium
535 1120 784 1155 mercatorem
803 1113 935 1153 fecerit
952 1112 1178 1164 progreffus,
1220 1113 1391 1166 quidque
1407 1113 1546 1153 Graeci
1568 1126 1618 1153 ex
1638 1115 1696 1157 di-

238 1174 394 1226 sciplina
409 1172 476 1214 illa
495 1172 531 1212 ei
552 1171 765 1216 debuerint,
784 1182 906 1222 aeque
927 1171 1114 1212 incertum
1137 1170 1208 1219 est;
1234 1169 1572 1222 philosophemata,
1599 1181 1697 1225 quae

239 1231 383 1285 mythis
405 1229 676 1274 inuoluerunt,
703 1230 743 1266 in
770 1228 970 1269 Graeciam
991 1228 1123 1273 illata.
1156 1228 1266 1281 supra
1290 1229 1365 1269 iam
1391 1229 1581 1281 vidimus,

626 1410 709 1468 111.
786 1409 895 1468 DE
937 1410 1313 1471 ARTIBVS.

569 1523 607 1570 g.
656 1532 688 1559 ι.
774 1515 845 1563 De
882 1523 969 1564 arte
1004 1515 1143 1564 litteris
1171 1515 1380 1578 scribendi.

361 1596 480 1634 Nunc
499 1593 546 1630 de
565 1593 641 1629 illis
657 1592 771 1639 {ignis
789 1603 966 1639 agemus,
996 1592 1073 1630 fine
1093 1593 1236 1640 quibus
1255 1594 1361 1631 nulla
1379 1593 1547 1632 doctrina
1565 1594 1703 1635 seruari

243 1653 367 1708 potest
392 1645 635 1706 incorrupta,
670 1648 811 1691 litteras
839 1654 939 1699 puta..
1014 1645 1188 1689 Fuerunt
1217 1647 1393 1699 quidam,
1430 1656 1511 1690 tum
1543 1657 1702 1697 veteres,

244 1707 329 1752 tum
357 1710 608 1750 recentiores,
639 1708 706 1758 qui
723 1707 933 1745 litterarum
958 1706 1135 1747 notitiam
1160 1706 1234 1745 iam
1259 1713 1345 1746 ante
1363 1706 1498 1748 Cadmi
1522 1710 1561 1748 in
1583 1707 1706 1750 Boeo·

245 1772 337 1811 tiam
362 1768 584 1811 aduentum,
617 1770 703 1804 ante
726 1764 844 1815 igitur
871 1773 1015 1805 annum
1040 1767 1126 1802 ante
1156 1760 1244 1801 Chr.
1268 1774 1305 1803 n.
1332 1775 1449 1814 1519.
1476 1766 1516 1804 in
1545 1763 1704 1805 Graecia

247 1828 354 1868 fuisse
371 1824 658 1865 contenderent.
719 1821 924 1865 Rationes,
950 1821 1089 1870 quibus
1108 1822 1304 1867 nituntur,
1329 1822 1400 1862 hae
1417 1824 1522 1863 sunt:
1556 1824 1706 1864 “homi-

249 1880 387 1928 nibus,
419 1893 507 1923 cum
531 1881 570 1919 in
590 1880 764 1918 ciuitates
786 1879 911 1922 coire,
940 1884 1005 1915 aut
1027 1879 1253 1918 commercia
1271 1879 1370 1918 inter
1388 1879 1422 1918 se
1444 1891 1619 1919 exercere
1640 1887 1706 1920 aut

251 1943 350 1983 bella
375 1952 507 1991 gerere
530 1939 746 1989 coeperint,
772 1937 962 1995 continuo
983 1934 1083 1986 figna
1104 1936 1289 1987 quaedam
1309 1935 1416 1977 fuisse
1440 1939 1705 1991 excogitanda,

251 2011 420 2052 quorum
446 2009 521 2048 ope
540 1996 707 2035 absentes
730 1994 892 2044 alloqui,
922 2004 966 2031 ac
989 1994 1106 2032 animi
1128 1994 1227 2032 sensa
1246 2006 1334 2033 cum
1357 1996 1402 2033 iis
1427 1993 1709 2039 communicare

251 2057 401 2109 poss'ent
418 2053 475 2109 y).
537 2052 594 2092 Ita
611 2051 867 2094 Americanos,
884 2062 972 2089 cum
992 2050 1283 2097 innotescerent,
1311 2052 1387 2092 iam
1409 2052 1571 2093 modum
1589 2066 1711 2105 quen-

252 2116 340 2160 dam
364 2113 477 2167 fignis
502 2110 649 2166 aliquid
678 2108 882 2151 nuntIandi
899 2106 1077 2149 habuiffe.
1137 2108 1184 2148 In
1205 2108 1363 2151 Graecia
1388 2122 1480 2150 vero
1505 2107 1716 2151 ante‘dilu-

272 2167 276 2171 “
633 2170 635 2173 “
655 2165 658 2169 ’
1175 2178 1178 2182 ⁴
1605 2169 1711 2208 vium

297 2236 336 2276 n)
357 2234 516 2267 Herodot.
533 2231 575 2266 V.
594 2234 643 2268 38.
876 2231 920 2270 x)
944 2228 1059 2263 Strabo
1077 2228 1164 2263 XVI.
1185 2240 1216 2272 p.
1231 2233 1324 2270 1098.

267 2314 270 2318 ι
294 2281 336 2320 3‘)
359 2277 514 2351 Buherssns
531 2274 607 2308 Diis.
622 2274 662 2305 de
675 2274 789 2308 litteris
807 2274 936 2316 graecis
949 2278 982 2307 et
997 2272 1103 2307 latinis
1125 2273 1165 2306 ad
1184 2272 1306 2307 calcem
1322 2268 1717 2322 montefalconii-Palaeo-

373 2330 453 2362 grap
478 2329 526 2352 iae
551 2327 667 2360 p.5;5.
925 2341 928 2346 ,
